2564 4476
225 247 306 329 244
453 216 642 302 -Vr-rl'·
672 213 1014 335 HENRlGl
1066 271 1072 280 ·

221 393 290 447 ret.
340 369 373 444 Ii
390 368 494 444 eninr
507 367 606 461 libri,
641 377 652 406 2
676 388 767 462 quos
790 371 825 460 (¹
847 369 1015 462 quamvis
1037 388 1165 448 extare
1180 394 1260 455 non.

221 491 475 583 crederentur)
504 489 564 585 ¹in
590 484 714 565 Sicilia
728 481 820 560 visos
837 509 885 562 ex
901 487 1045 562 Lazaro
1063 491 1196 590 Bayllo
1218 500 1248 569 da

222 607 408 679 audiverat
426 606 587 680 &literis
602 621 844 700 compererat,
869 603 1065 678 Librorum
1081 607 1248 686 Livianu-

223 751 306 802 rum
333 724 507 821 jadaram
522 727 740 800 minuerent.
778 721 1012 798 {Diodorum
1038 732 1186 804 caeteris
1204 732 1248 805 hi:

221 844 359 920 storicis
385 845 489 922 tanto
517 845 813 944 praestantiorem,
855 837 958 936 quod
986 841 1026 916 hi
1052 845 1174 919 malr
1199 851 1248 924 ile·

212 959 402 1044 dumata
419 961 605 1036 historiam
632 959 832 1054 reliquerit,
854 967 867 1031 ³.
891 958 1060 1034 vendicat
1086 964 1110 1040 ὲ
1137 967 1249 1040 crimi-

220 1083 431 1156 nationibus
447 1081 599 1156 Lodoici
614 1080 727 1172 Vivis,
752 1076 817 1172 qui
833 1097 878 1148 eo
895 1071 1025 1150 saeculo
1042 1093 1158 1151 natus
1174 1078 1249 1156 His-

215 1200 335 1293 ,paniae
362 1196 430 1274 suae
446 1187 643 1274 maximum
659 1199 767 1274 decus
785 1197 820 1267 δε
839 1193 962 1268 lumen
977 1194 1026 1268 ob
1048 1183 1248 1274 doctrinan

206 1341 358 1410 ,extanti

218 1609 225 1619 .
270 1552 487 1645 Hdcanno,
516 1577 577 1650 15„
598 1549 680 1627 Cal.
711 1551 824 1630 Mart.
853 1539 999 1630 excudit
1016 1541 1248 1634 Gentiana

218 1677 712 1786 familiarumllomanamm
731 1678 943 1778 Stemmata,
968 1681 1052 1756 Ric.
1065 1681 1248 1762 Streinnio

217 1800 361 1878 Barone
377 1800 870 1899 Schuuarzenavioauthore,
897 1805 987 1885 ,⁴vix
1000 1805 1172 1905 vicenni,
1194 1807 1247 1904 qui
1277 1881 1278 1884 r

213 1923 313 2025 apud
329 1915 559 1995 Franciscum
584 1918 838 1995 Hotomanum
865 1921 1115 2022 Argentorati
1135 1921 1247 2000 sexde-

210 2046 289 2121 cim
308 2042 481 2118 mensibus
496 2041 537 2116 in
556 2041 807 2118 Romanarum
836 2043 1119 2139 Antiquitatum
1148 2045 1245 2121 liudi.

215 2162 514 2252 umincubuerat,
539 2155 691 2256 suasque
701 2161 763 2234 has
777 2161 1046 2238 lucubrationes
1064 2161 1246 2239 dicarent

212 2281 355 2370 carolo
370 2277 570 2356 Archiduoi
580 2277 732 2354 Austriae
746 2301 846 2354 anno
862 2288 966 2377 1558.
985 2287 1043 2354 16.
1054 2277 1149 2356 Cal.
1162 2281 1246 2378 Sept.

210 2400 558 2478 TumHotomanus
589 2399 642 2474 Id.
663 2399 761 2500 Aug.
789 2423 846 2476 eas
874 2401 920 2476 ad
948 2401 1089 2476 Bez'am
1107 2391 1248 2479 miserat

213 2519 340 2615 Apelli
356 2518 410 2592 illi
426 2505 590 2592 Roberr'o
609 2517 810 2613 Stephano,
857 2539 897 2594 ut
919 2507 1132 2610 illustraret,
1161 2545 1246 2597 com·
1272 2571 1274 2622 ,¹

208 2647 417 2736 mittendas.
464 2645 562 2718 Beza
575 2659 697 2715 autem
713 2635 891 2735 rescripfit
903 2632 954 2731 se,
978 2639 1205 2739 simulatque
1217 2644 1247 2716 iu

205 2769 309 2858 ,hanc
334 2767 459 2840 urbem
488 2755 720 2862 [Generum]
740 2743 914 2850 venisset}
932 2741 1041 2830 iidem
1071 2747 1271 2853 liberdfi'e,

204 2886 496 2964 minimetamen
510 2882 679 2970 veritum,
703 2897 764 2966 ne,
789 2869 888 2968 qudd
910 2872 967 2946 illi
985 2876 1113 2952 audior
1134 2877 1248 2962 suerit,

203 3032 252 3086 ,ut
269 3010 367 3082 hunc
393 3008 523 3080 librum
547 3002 690 3093 ederet,
708 2985 803 3070 illius
831 2995 960 3092 pudori
980 3019 1060 3072 non
1089 2995 1185 3106 satis
1201 3025 1247 3080 cr·

210 3123 298 3216 ville
315 3121 412 3198 visus·
425 3119 521 3196 effet.
570 3121 624 3194 At
638 3112 725 3192 vero
743 3115 842 3210 quod
859 3123 964 3210 pater
979 3135 1057 3190 non
1074 3101 1248 3214 praestin-

201 3270 281 3344 .rar,
307 3243 397 3316 filius
414 3238 599 3338 persolvit.-

202 3439 207 3553 ἶ
261 3483 430 3560 Henrico
451 3477 637 3578 Stephano
668 3485 805 3550 annum
826 3465 935 3548 atatis
952 3471 1192 3570 trigesimum
1216 3500 1247 3551 a.

257 3645 406 3709 'Diodon
427 3643 536 3721 epistol.
574 3638 680 3704 ²1bid.
705 3657 733 3715 p
758 3639 841 3730 798.¹
873 3635 1029 3710 {Tradat
1057 3639 1100 3703 de
1124 3639 1245 3703 Diod«.

212 3731 230 3801 ,⁴
247 3727 325 3806 Lege
338 3725 447 3806 epistol.
458 3720 560 3785 Ptaefix.
1165 3787 1172 3794 ,
1229 3809 1235 3826 .

192 3861 197 3871 ·
1132 3833 1235 3918 genii
