2564 4476
227 178 306 279 164
512 197 515 202 ·
725 157 727 162 ’

234 381 272 479 ·
453 392 1023 631 VITA

347 747 641 945 Caroli
678 757 1127 998 Stephani.

318 1121 448 1199 Arolus
471 1113 675 1212 Stephanus
702 1109 857 1188 Roberti
879 1111 915 1182 δε
932 1101 1120 1179 Francisci
1145 1104 1248 1186 frater

341 1235 424 1328 fuit,
451 1251 561 1328 quem
574 1225 757 1303 Henricus
772 1245 954 1321 patruum,
979 1221 1033 1295 uti
1051 1222 1248 1300 Robertum

229 1331 385 1452 patrem,
398 1353 449 1426 ‘in
463 1343 625 1446 Epistoli
639 1346 683 1419 ad
701 1346 890 1419 Lenorem
909 1335 975 1413 sua
993 1337 1165 1436 Appiani
1183 1343 1248 1414 edi-

228 1473 324 1546 tioni
336 1468 478 1570 praefixi
491 1465 661 1564 appellat.
677 1462 877 1538 Ricciolius
885 1461 942 1554 (in
953 1460 1144 1558 Catalogo
1157 1458 1250 1559 parsc-

229 1618 342 1664 narum
353 1593 422 1690 post
435 1586 593 1684 christum
606 1581 824 1686 instgniorum)
840 1578 1015 1656 Carolum
1030 1576 1249 1676 Stephanum

229 1706 377 1780 Gallum
391 1727 490 1780 anno
506 1729 608 1800 1520.
628 1695 785 1782 floruisse
800 1693 935 1772 scribit.
962 1696 1079 1788 Quod
1094 1698 1120 1770 fi
1135 1721 1250 1774 verum

230 1825 283 1920 sit,
301 1846 447 1924 oportet
464 1847 547 1898 eum
562 1819 671 1895 fratre
686 1817 850 1893 Roberto
867 1837 947 1890 non
960 1812 1078 1894 multis
1090 1820 1251 1893 natumi-

229 1966 357 2018 norem
371 1938 485 2034 fuiffe,
511 1944 547 2014 δι
562 1940 602 2014 in
613 1931 976 2014 tenersadnucaetate
992 1953 1115 2006 annos
1130 1935 1252 2034 viginti

228 2060 393 2136 nondum
415 2058 613 2134 assecutum
645 2049 860 2132 inclaruisse.
919 2052 1029 2130 Bonis
1058 2053 1186 2129 literis
1209 2057 1253 2131 in·

228 2177 383 2251 nutritus
405 2173 471 2269 est,
496 2179 532 2248 ὅτ
561 2175 605 2248 iis
632 2174 790 2246 imbutus
807 2169 944 2265 studiis,
970 2193 1047 2266 quae
1065 2169 1252 2250 alumnum

227 2289 439 2388 Stephanea
456 2285 599 2365 familia
627 2287 816 2364 decebant.
849 2299 859 2327 ¹
874 2289 971 2364 Eum
986 2285 1156 2364 Lazarus
1173 2290 1253 2393 Bay-

185 2405 189 2416 '
227 2409 292 2483 fius
308 2410 383 2484 filio
402 2405 465 2483 suo
483 2409 650 2484 Antonio
664 2408 801 2506 delegit
816 2403 1255 2504 praeceptorem‚sec1'1mq;

228 2524 356 2621 postea
369 2549 468 2601 anno
502 2551 606 2624 1540.
643 2527 685 2599 in
713 2523 950 2600 Germaniam
976 2523 1125 2622 legatus
1153 2529 1255 2602 duxit.

227 2642 381 2716 Carolus
406 2662 532 2738 prater
560 2661 691 2716 catera
716 2641 830 2717 coluit
861 2639 1109 2734 Medicinam,
1158 2639 1277 2740 quam*

222 2774 233 2802 ²
254 2755 393 2834 Parisiis
411 2755 585 2856 professus
598 2758 664 2853 est,
678 2765 713 2837 &
730 2763 770 2834 in
784 2756 855 2856 quai
869 2753 1072 2856 progreffus
1087 2783 1178 2836 non
1193 2786 1258 2860 poe·

227 2881 394 2954 nitendos
409 2874 532 2954 feciiie
550 2901 634 2953 eum
656 2881 772 2978 liquet
795 2902 840 2952 ex
856 2899 934 2952 non
963 2877 1106 2974 paucis,
1136 2883 1208 2976 qui
1222 2879 1256 2954 ad

226 2998 327 3071 illam
341 2997 529 3073 scientiam
546 2995 722 3096 spestann
746 2997 955 3074 traetatibus
969 3019 1042 3072 tam
1058 2996 1081 3069 ὲ
1097 2995 1143 3074 se
1157 2999 1256 3096 quim

227 3114 433 3192 &fratribus
463 3119 628 3194 Roberto
656 3115 891 3214 Francise6q3
920 3142 963 3194 ac
993 3117 1135 3193 vitrico
1155 3131 1169 3169 ³
1192 3119 1257 3196 co-

225 3237 331 3310 iinaeo
356 3239 470 3310 editis.
520 3241 646 3330 Quum
671 3261 791 3317 autem
809 3240 943 3316 medici
965 3237 1108 3315 interfit
1139 3239 1277 3322 occul-1

264 3462 275 3497 1
300 3440 455 3518 Menagius
471 3437 503 3502 in
528 3438 721 3508 Anti-baillet.
768 3441 841 3503 Ἠ.
861 3439 955 3520 steph.
977 3441 1009 3505 in
1037 3441 1131 3519 Epist.
1167 3443 1260 3508 Dedic-

226 3520 341 3596 Appisn
358 3531 442 3590 1592.
489 3523 501 3566 ³
526 3518 681 3581 Anatomia
708 3521 833 3596 corporis
851 3519 982 3593 humani,
1008 3540 1089 3584 anno
1119 3541 1212 3600 ¹545·
1240 3521 1261 3582 it

226 3607 311 3682 1549.
327 3655 330 3660 .
346 3595 524 3660 nibuslibris
536 3595 685 3674 descripta,
707 3599 758 3676 ubi
769 3600 801 3661 in
814 3599 970 3680 pingendis
983 3597 1028 3674 iis,
1050 3619 1120 3679 que
1146 3597 1260 3668 neceffi

223 3677 262 3736 iia
277 3675 463 3752 videbantur,
479 3676 596 3742 Riverio
608 3677 748 3758 ehirurffn
758 3679 825 3746 usus
842 3677 889 3744 est·
