2592 4480
184 117 1043 252 strenuissimorum-321

21 283 95 348 verbi
109 287 281 372 mauritta,
300 292 423 352 eandem
435 287 564 352 habentis
576 289 811 362 significationem
824 293 899 370 apud
909 293 1047 378 *Xenoph

19 362 97 428 trec.
112 367 136 428 l.
157 367 192 434 ἐς
203 375 223 444 ὃ
236 365 440 448 naumann
462 367 659 451 ipsum&
678 369 709 434 ai
732 368 933 450 immane,
944 371 1048 460 ipim

21 439 117 532 lestap
141 447 212 512 eata.
249 447 346 512 Oudd
367 449 388 509 st
410 449 512 508 iridem
537 467 587 508 aut
614 450 762 526 participio
786 453 972 531 undamn,
997 475 1049 520 auc

21 525 165 586 utinitivo
177 526 337 595 moabiae
349 525 416 586 usus
430 525 478 587 hie
491 524 558 587 esset
565 526 736 603 Xenophon,
763 549 901 605 magnum
926 535 1004 596 eertd
1015 537 1048 598 dc

22 599 84 660 buic
98 602 169 664 loco
183 607 218 666 ab
229 607 286 668 illis
297 603 571 667 consarcinatoribus
583 605 742 680 periculum
751 606 945 683 impendebat,
965 615 1047 674 nevi-

24 677 125 740 delicet
147 682 175 742 ei
198 683 279 744 suum
294 684 416 742 verbum
429 681 531 742 itidem
545 684 693 758 rapientes,
712 685 744 745 in
766 705 873 746 nomen
892 689 1047 770 ἐικυμὼῖω

21 773 227 825 mnvmterent,
265 761 416 838 Sed'quid
437 777 493 837 ego
506 762 553 823 hle
577 759 617 820 de
636 762 907 826 consarcinantibus
920 771 1046 844 loquor?

20 835 154 906 patrna
168 839 242 900 illius
256 837 495 914 Metamorphosis
507 855 598 902 totam
613 839 738 913 laudem,
755 859 976 922 quantacunque
996 849 1048 922 eli,

19 925 91 972 unus
103 913 156 974 libi
166 917 372 983 consarcinator
381 916 527 990 vendicat,
544 919 569 978 is
591 915 729 980 nimirum
745 920 795 980 cui
813 920 977 984 adscribitur
989 947 1041 986 no·

19 987 131 1080 ¹vilfimae
148 993 284 1057 editionis
303 993 508 1058 consarcinatio
519 1013 605 1073 atque
627 998 823 1074 locupletatio.
862 999 899 1057 Ea
923 1005 1043 1080 inquam

18 1065 54 1126 rlla
72 1068 131 1132 soli
145 1071 283 1144 debetur,
318 1093 406 1152 quam
429 1088 525 1135 tamen
538 1095 594 1151 ego
617 1078 701 1150 paulo
724 1076 791 1136 ante
814 1094 881 1136 curn
901 1080 962 1140 aliis
975 1102 1043 1144 eunt

19 1150 326 1215 eommunicarevolui.
366 1151 419 1212 Sed
430 1151 560 1230 ignoscat
583 1153 665 1224 mihi,
683 1173 772 1230 rogo:
792 1157 944 1218 nonenim
970 1159 1000 1218 id
1023 1163 1041 1222 d

19 1228 216 1290 uemalevolo
234 1231 334 1294 animo
351 1232 381 1294 dr
399 1230 495 1292 debiti
515 1249 582 1292 eum
604 1231 690 1292 laude
713 1229 862 1292 fraudandi
879 1236 988 1310 cupido
999 1239 1042 1298 fa·

19 1299 88 1364 llum
101 1305 155 1380 est,
174 1309 221 1369 sed
232 1310 378 1374 memoriae
400 1307 432 1371 in
458 1311 628 1386 colligendis
652 1325 710 1371 tarn
731 1313 828 1370 multis
842 1311 1042 1385 hujuscemodi

20 1383 134 1454 armna
153 1401 293 1465 occupatae
312 1391 404 1466 culpa.
446 1389 531 1467 Quid
558 1387 659 1449 liverb
673 1385 862 1462 potitissuum
875 1393 897 1450 is
918 1411 1041 1456 erratum

20 1461 239 1527 animadvertens
258 1467 365 1538 (dicere
379 1481 475 1526 autem
495 1462 662 1543 supersedeo
674 1469 758 1543 quint
781 1468 852 1526 bene
873 1470 1041 1545 interpreta-

20 1551 57 1600 tur
66 1539 101 1602 fit
114 1559 216 1604 vocem
229 1545 308 1608 illam
317 1545 396 1607 suam
411 1547 701 1616 verbinominem‚aut
711 1547 949 1620 nominivetbem,
960 1567 994 1610 ut
1006 1551 1039 1612 in

19 1619 86 1706 poth
96 1613 268 1702 barbarique
277 1625 462 1704 grammatica
475 1625 557 1685 novis
568 1624 740 1701 barbarisque
755 1623 929 1698 vetblautat)
947 1646 979 1687 ut
990 1629 1039 1690 fibi

20 1697 172 1770 ignoscatur
185 1717 270 1778 petat,
287 1723 321 1764 ac
335 1703 423 1774 dicat,
442 1703 589 1780 siquidem
602 1703 631 1761 in
643 1701 765 1784 eupolim
775 1719 823 1762 aut
834 1704 911 1763 aliud
924 1723 1038 1780 tempus

19 1771 161 1840 servantur
173 1779 321 1852 incidisset,
342 1798 519 1859 nequaquam
533 1783 562 1842 se
586 1781 667 1842 fuisse
681 1801 855 1844 erraturum:
887 1780 935 1841 sed
959 1784 1036 1845 illud

18 1853 142 1934 meledo
163 1861 193 1920 in
214 1879 339 1920 errorem
353 1879 419 1920 eum
441 1859 592 1937 impulisse,
624 1862 662 1920 ob
677 1859 844 1923 affinitatem
866 1877 950 1935 quam
965 1880 1036 1923 cum

20 1929 102 1996 forma
123 1939 250 2000 nominis
263 1937 365 2000 habet:
399 1939 470 2015 quid
497 1939 540 1998 illi
554 1938 786 2012 respondendum
798 1938 910 1998 suerit?
930 1937 978 1996 Ad
989 1959 1038 1998 me

19 2011 89 2071 certe
113 2018 189 2092 quod
207 2017 322 2086 attinet,
341 2037 402 2076 non
415 2016 506 2076 habeo
522 2016 591 2093 quid
619 2015 802 2090 respondeam
824 2011 921 2092 potius
945 2018 1036 2089 quim

18 2083 164 2153 Horatiana
182 2093 240 2165 illa,
259 2092 292 2166 (st
307 2095 395 2154 modia
407 2096 523 2155 unicam
538 2096 642 2155 inuno
659 2093 721 2169 ejus
743 2094 830 2154 verbo
844 2095 956 2154 literam
978 2094 1035 2154 im·

18 2179 121 2230 mutare
131 2165 380 2250 liceat)-·qucd
392 2175 570 2234 medicorum
591 2171 630 2232 est
642 2172 812 2235 Promittant
822 2170 936 2234 medici.
970 2171 1035 2234 Nili

18 2240 83 2380 {orte
95 2251 201 2326 gratius
215 2254 259 2313 illi
270 2250 404 2314 fututum
419 2253 458 2312 est
473 2252 664 2325 proverbium,
684 2251 732 2310 Ne
754 2252 831 2314 sutor
851 2251 925 2313 ultra
944 2252 1034 2330 crepi-

36 2340 84 2383 am.

51 2400 155 2492 buhle
174 2404 220 2480 (ot
231 2407 268 2469 iti
283 2398 392 2482 dicam)
410 2425 540 2469 anatome
553 2408 598 2467 vel
612 2407 736 2471 minimae
758 2407 863 2486 alioqui
877 2407 960 2482 partis
971 2429 1035 2478 cut·

19 2497 152 2553 ponstam
175 2486 268 2548 vitiofi
290 2507 323 2546 ac
349 2487 483 2558 morbidi,
503 2487 540 2546 de
552 2487 657 2546 caetetis
671 2487 796 2561 parribus
817 2488 957 2562 judicium
971 2483 1033 2548 fieti

17 2554 83 2634 polle
94 2563 244 2626 existimo:
263 2563 374 2641 &hqui
388 2568 479 2626 mirati
492 2566 555 2625 sunt
568 2565 830 2626 anteaThel'autum
843 2581 907 2625 ante
920 2570 1030 2626 multos

17 2640 210 2725 iunosipatre
223 2663 290 2704 meo
313 2643 441 2704 Robetto
466 2640 610 2717 Stephano
628 2640 801 2720 promill'um,
821 2642 952 2702 nondum
969 2663 1033 2716 pro·

16 2710 94 2789 hille,
115 2717 245 2781 futurum
268 2739 301 2782 ut
318 2722 413 2780 mirati
425 2724 562 2791 desinant,
582 2737 671 2795 quum
695 2739 774 2781 totus
797 2719 906 2779 veluti
926 2720 1033 2778 funda·

17 2797 114 2856 mentis
125 2797 333 2860 construendus
357 2801 450 2860 suerit.
490 2797 620 2872 Dignum
635 2799 713 2858 enim
736 2797 842 2858 scilicet
865 2790 915 2856 suit
940 2797 1034 2855 existi-

18 2873 136 2936 matione
148 2897 235 2954 opus,
249 2879 372 2950 dignum
386 2875 575 2952 superioribus
593 2876 743 2946 laboribus,
763 2895 795 2934 ac
815 2874 964 2952 prael'ertim
980 2875 1032 2934 suo

18 2945 117 3012 latina
138 2955 242 3032 lingue
263 2953 419 3022 Thesauro,
443 2952 581 3016 edidisset.
602 2952 621 3011 li
645 2955 769 3014 Lexicon
787 2955 816 3014 δι
839 2952 898 3028 ipse
916 2950 1029 3014 anuum

16 3023 182 3092 duntaxat&
195 3035 395 3108 locupletatum
409 3032 536 3103 dedillet,
546 3049 594 3090 aut
606 3033 690 3092 etiam
704 3034 877 3092 ementitum
890 3027 1032 3098 Thesauri

18 3109 155 3168 numenei
169 3111 325 3172 tribuisset:
345 3127 376 3170 ut
395 3111 411 3169 ai
432 3110 601 3186 quibusdam
614 3129 706 3170 unum
728 3131 762 3170 ex
777 3108 905 3170 illistam
931 3109 1031 3170 misere

17 3185 146 3254 corruptis
163 3208 194 3246 ac
215 3189 320 3250 vitiatis
338 3190 448 3249 Leuitis
468 3187 637 3260 inscriptum
660 3188 700 3250 eil
729 3187 899 3260 Thesaurus,
920 3183 1029 3266 (quum

16 3257 164 3347 debuissent
177 3264 280 3326 addere
300 3286 401 3327 vocent
426 3267 578 3337 Carbones,
607 3283 707 3342 utpote
729 3266 807 3344 quod
831 3266 1030 3340 introspicien-

17 3337 91 3409 nbus,
109 3341 177 3400 vere
190 3345 377 3420 comperiatur
389 3341 440 3404 else
453 3344 530 3420 quod
543 3343 631 3404 veteri
648 3346 797 3419 proverbio
810 3345 897 3418 objici
910 3345 1027 3402 solitum

17 3415 73 3483 est,
99 3414 261 3480 Thesaurus
279 3423 433 3489 carbones)
463 3423 584 3497 dignum
610 3423 726 3498 inquam
760 3421 793 3482 ei
813 3423 870 3482 lide
901 3440 963 3496 quae
997 3419 1028 3479 in

15 3493 90 3554 variis
107 3495 169 3570 ejus
188 3499 332 3560 variorum
356 3501 493 3560 librorum
517 3498 692 3560 editionibus
716 3501 854 3575 perspedla
881 3513 949 3567 erat,
969 3497 1030 3554 edi-

14 3567 88 3631 disset
111 3574 224 3634 tandem
246 3597 338 3654 opus,
367 3577 387 3638 li
407 3595 573 3637 caeterorum
601 3597 690 3648 more,
716 3599 776 3639 non
793 3579 823 3636 in
844 3575 1029 3634 emendandis

15 3649 58 3706 tul
78 3650 132 3710 atis
149 3652 261 3728 lexicis,
291 3653 338 3714 sed
373 3657 508 3716 duntaxat
540 3654 571 3712 in
596 3656 803 3732 locupletandis
836 3673 951 3728 operam
979 3674 1031 3728 po·

14 3721 50 3784 s'
100 3773 110 3790 .
155 3733 243 3808 Atqui
266 3731 427 3812 botipsum
442 3750 498 3793 etat
511 3731 548 3792 de
573 3751 630 3810 quo
645 3733 817 3809 potissimum
840 3729 1027 3868 querebattdtt:

685 3831 691 3850 ·
959 3829 972 3869 a
995 3827 1031 3868 eo
