2566 4474
245 105 640 250 srrrnnur
680 161 954 255 suctim:
1005 168 1091 286 {no

62 327 147 392 rato
165 313 270 392 licuit
280 317 321 392 in
332 316 406 391 alio
418 316 546 412 quovis
556 313 635 394 solo
650 319 780 416 pedem
793 318 1091 418 figere.Roberto

60 437 163 534 patri
185 437 278 513 adeo
292 433 529 514 desultoriam
555 459 634 514 non
665 457 742 515 erat
756 438 971 535 ingenium3
1013 439 1092 517 Hic

60 558 180 655 enim,
204 583 317 658 quum
332 558 469 633 Parisiis
479 557 617 664 ¹diutius
641 579 756 636 artem
777 558 900 652 quieti
918 581 1092 640 exercere

60 699 143 758 non
160 676 291 788 posset,
315 701 395 756 non
409 696 583 774 tanquam
596 700 680 754 erro
693 673 863 776 fugitivus
893 682 930 752 bt
956 679 1091 756 incerti
1180 762 1186 772 ¹

59 795 178 895 Laris,
208 790 321 876 modo
334 794 376 868 in
389 793 489 870 hunc
514 792 627 871 modb
656 797 698 871 in
720 796 824 872 illum
856 790 1091 872 transvolavit

61 913 202 1015 locum,
222 913 287 994 sod
302 915 493 992 Genevam
508 915 613 1011 abiit,
633 913 696 988 ubi
715 909 798 990 sede
815 911 958 990 suarum
973 913 1090 1009 sortus

61 1057 195 1113 narum
215 1035 286 1112 fixa
313 1058 391 1114 rem
416 1038 517 1112 srmul
544 1034 751 1134 &gloriam
775 1037 937 1134 reperit:
972 1037 1090 1114 multo

61 1162 177 1262 igitur
200 1159 289 1238 licit
301 1163 502 1260 pauciores,
528 1155 639 1255 quam
653 1158 758 1254 filius,
783 1181 897 1236 annos
919 1183 1089 1239 numera-

62 1282 170 1378 verit,
193 1280 254 1357 hic
270 1297 393 1359 tamen
423 1281 501 1378 plus
517 1279 597 1374 via,
620 1277 684 1354 ille
717 1277 795 1374 plus
812 1279 894 1356 rita
923 1278 1088 1358 habuisse

62 1393 276 1480 censebitur.
631 1417 633 1422 ·
805 1422 808 1426 ’

62 1614 83 1638 ⁸
107 1641 215 1720 Mors
231 1639 388 1717 thrici
408 1635 585 1735 Stephani
612 1638 776 1712 virorum
791 1633 875 1714 crim
902 1629 1088 1721 literatnrl

62 1758 219 1859 artisque
229 1760 504 1865 typographica
517 1759 645 1860 peritii
657 1757 736 1838 nim
749 1754 887 1836 summi
902 1759 1099 1858 dignitato.

61 1885 250 1962 illustrium
265 1903 398 1964 mortes
409 1882 548 1977 habuit,
573 1900 651 1980 qua
677 1883 742 1978 ipsr
756 1880 924 1978 praeirent
943 1886 979 1956 δι
1002 1879 1084 1957 suc·

60 2009 255 2124 cederent:
278 2007 469 2084 ¹Obierunt
500 2005 596 2079 inter
626 2004 709 2077 illos
733 2017 744 2078 ἔ
770 1994 981 2076 Franciscua
1010 2001 1088 2078 Ra-

61 2123 272 2224 phelengins
305 2145 420 2199 anno
445 2115 514 2194 suae
555 2129 614 2218 59?
646 2141 752 2216 1597.
791 2113 914 2194 menso
952 2117 1086 2214 Julio3

22 2303 24 2308 .
59 2244 366 2344 :christophorus
411 2240 601 2320 Plautinus
649 2243 751 2338 1598.
795 2266 820 2316 r.
835 2237 930 2334 Jul,·
952 2239 1084 2316 codem

60 2390 168 2464 anno,
191 2365 444 2444 {Abrahamus
457 2364 624 2441 Ortclius
636 2366 672 2438 lla
691 2361 843 2439 Nathan
862 2359 1082 2462 Chytraeus;

58 2488 151 2564 inter
166 2487 248 2581 hos,
289 2495 304 2546 ²-
338 2485 522 2582 Georgius
555 2482 697 2558 nector
734 2479 1085 2580 andenburgensrr

54 2606 134 2700 Jan.
152 2611 188 2684 8.
210 2609 247 2680 bt
263 2601 450 2702 Philippus
479 2599 518 2676 11
540 2601 621 2677 Rex
642 2593 903 2698 Hispaniarum
920 2597 1084 2698 Septem·

59 2724 121 2802 bri.
490 2723 523 2770 Γ

102 2981 115 3017 ι
140 2945 326 3026 chricus
353 2933 478 3043 paucis
501 2950 595 3018 anto¹
611 2929 751 3016 obitum
773 2933 948 3021 mennbus
978 2932 1082 3020 suurn

57 3081 230 3161 generum
247 3059 409 3140 isaacum
427 3055 685 3136 casaubonum
702 3051 901 3154 Monspelii
914 3054 1083 3150 vistavit,

57 3183 161 3282 elque
174 3180 432 3288 suamoperam
445 3183 542 3262 ultro
571 3179 754 3280 pollicitus
770 3177 833 3272 est,
855 3201 967 3278 quam
981 3177 1081 3255 circa

57 3321 223 3382 notarum
265 3305 309 3380 in
350 3301 568 3380 Athenaeum
595 3296 797 3376 editionem
833 3293 950 3398 posset
991 3315 1084 3392 pro-2

56 3417 157 3501 hare.
284 3451 286 3454 ·

87 3619 297 3692 lhlmoltvtn.
308 3641 338 3703 p.
354 3622 418 3688 126.
437 3614 563 3702 :Culusa
576 3616 641 3698 {Ea
654 3608 907 3693 Ctssubtnlipill.
924 3629 988 3694 r5p

108 3777 110 3782 ’
1020 3797 1030 3826 ¹
1047 3753 1081 3840 lt
