2564 4476
865 126 873 140 q

198 130 873 228 STEPHANIStcuuut.
952 99 1034 238 aue

81 416 103 456 “
124 416 269 508 ⁴Quum
284 406 328 484 eri
341 408 381 484 in
398 421 501 482 atate
522 397 617 497 (scil.
632 391 897 490 adolescentia)
917 397 1041 469 omni·

43 542 63 580 ¹‘
83 561 134 614 un
159 532 388 612 scientiarum
414 520 506 600 ess'et
523 527 689 620 umetis,
715 511 776 596 sed
797 515 895 592 stmul
930 515 1041 589 etiam

42 659 62 705 '¹
79 664 208 754 iduum
229 650 388 747 contigit
402 635 585 744 postremi>
599 654 639 710 ut
655 641 865 729 pennam
893 655 1041 730 quoque

42 785 61 826 '⁶
79 775 215 853 euadere
230 769 460 864 summopere
478 775 637 858 cuperet.
688 757 801 848 Quod
818 774 941 830 tamen
954 753 1044 828 dest·

41 905 62 942 “
82 903 207 978 derium
222 899 318 1002 putri
333 889 472 990 aperire
489 905 568 960 non
591 875 772 956 audebat:
810 876 910 971 qued
935 871 1044 950 sciret

28 1021 64 1070 γ’*
82 1020 163 1118 fore,
181 1015 315 1097 utnon
331 1009 445 1092 solium
470 1005 569 1079 hunc
591 997 637 1072 ab
649 993 723 1070 hdo
735 995 918 1091 proposito
931 994 1048 1067 deter-

40 1146 63 1186 '‘
82 1161 178 1240 teter,
201 1139 264 1220 sed
280 1133 578 1224 interminaretur
594 1118 719 1209 etiam,
749 1136 798 1188 ne
827 1114 914 1190 huic
929 1111 1047 1188 studio

40 1263 272 1360 “quidquam
300 1249 475 1352 temporis
508 1235 745 1337 impenderet
807 1229 948 1308 Verum
975 1233 1051 1324 (ut

40 1379 60 1421 “
80 1382 269 1460 humanum
286 1373 339 1452 est
361 1373 401 1448 in
427 1363 581 1442 vetitum
604 1350 694 1445 niti)
719 1342 766 1422 ed
793 1346 912 1422 acrior
941 1341 1053 1416 vehe-

39 1499 60 1538 “
80 1499 305 1593 mentidrque
321 1485 499 1589 cupiditas
523 1477 619 1554 illius
639 1463 795 1544 scientia
813 1467 899 1544 huie
915 1460 1055 1548 excita·
1153 1463 1156 1468 ’

39 1619 60 1658 ‘¹
79 1621 187 1698 batur.
236 1610 409 1692 Tandem
419 1595 508 1680 vend
524 1596 619 1674 elam
631 1608 732 1689 patre
749 1583 891 1664 invenit
904 1580 1057 1676 Parisiis,

38 1741 59 1782 ‘¹
76 1744 134 1840 qui
157 1742 218 1841 ipsu
238 1737 396 1832 aarum,
415 1719 535 1820 (quod
548 1735 672 1793 tamen
696 1729 775 1788 tum
788 1703 964 1814 temperis
976 1721 1057 1778 non

28 1859 61 1904 ‘¹‘
82 1864 245 1962 putabat)
260 1854 373 1932 vellet
387 1849 590 1943 muudum.
638 1832 788 1914 Adeunt
811 1821 920 1908 ambo
943 1821 1056 1918 igitur

40 1984 262 2081 “quendam
291 1971 398 2066 hujus
427 1975 559 2050 indm
587 1957 645 2056 (fr
674 1951 763 2030 tales
788 1938 1057 2022 observationes

28 2102 67 2142 ·“
89 2113 216 2202 incipe»
252 2097 397 2178 efficere
427 2079 592 2185 possunt)
619 2079 822 2171 ianuam.
869 2061 968 2140 Petit
996 2060 1060 2136 ille

40 2221 67 2262 “
87 2229 239 2320 pretium
270 2215 403 2292 mirum
430 2219 609 2302 quantum
641 2195 682 2270 in
711 2186 868 2287 singulos
893 2173 1032 2257 menses
1044 2208 1073 2284 ,r

40 2343 65 2382 “
86 2339 278 2425 sedtamen
293 2331 392 2431 quod
408 2329 518 2428 petit,
547 2310 787 2418 paciscuntur.
836 2306 983 2382 Patrem
997 2300 1061 2374 de-

40 2459 65 2500 “
86 2463 166 2538 inde
180 2477 289 2558 rogat
302 2449 500 2538 Henricus,
531 2456 573 2514 ut
590 2457 655 2533 per
684 2453 772 2506 eum
785 2422 847 2500 tibi
860 2422 970 2498 liceat
983 2419 1062 2496 eui·
1183 2507 1190 2521 s

40 2580 64 2620 ‘⁶
85 2581 164 2656 dam
178 2567 403 2654 Geometriae
417 2541 837 2644 &Arithmeticeslonge
852 2535 1063 2639 peritifflmo

42 2701 239 2799 “operam
269 2681 492 2783 dare,=cuius
520 2666 791 2753 familiariffima
815 2658 937 2756 futura
961 2661 1000 2732 stt
1023 2658 1064 2732 in

40 2819 65 2858 “
86 2817 232 2915 priuatis
247 2811 375 2886 aedibus
383 2796 575 2881 institutio.
583 2785 783 2868 Concedit.
793 2775 853 2854 Ad
865 2797 949 2850 eum
961 2774 1067 2849 itam.
1193 2799 1199 2810 ·

41 2939 68 2979 “
88 2939 134 3014 Et
147 2932 327 3033 quoniam
342 2945 416 3000 tam
431 2913 568 3018 grande
580 2907 740 3010 pretium
750 2921 826 2978 rem
842 2893 936 2992 patri
949 2886 1068 2987 suspe.

41 3056 67 3098 “
89 3060 184 3132 diam
211 3050 361 3129 reddere
389 3033 575 3140 potuiffet,
606 3051 718 3106 unam
735 3025 911 3100 duntaxat
929 3031 1069 3109 partem

40 3174 66 3215 ‘⁶
90 3175 218 3252 abillo
242 3167 362 3266 petiit,
396 3165 431 3236 δι
448 3153 501 3232 iti
517 3173 602 3226 cum
622 3129 931 3245 indulgentiffimd
951 3133 1085 3206 matre'

40 3296 69 3390 ξ’
89 3297 184 3396 egit,
220 3311 261 3368 ut
277 3287 427 3363 alteram
442 3269 698 3374 suppeditaret.
744 3261 795 3339 At
815 3276 902 3332 ecee
916 3249 1013 3350 quod
1029 3247 1076 3319 inv

79 3545 97 3621 2
115 3543 153 3612 Α.
167 3530 379 3620 centanam.
392 3525 511 3602 entur.
522 3546 552 3610 p.
567 3533 633 3611 350·
651 3535 715 3600 ¹5t·

299 3671 302 3674 Ι
866 3635 918 3780 ’ff
941 3669 1075 3753 Graece
