2520 4468
236 151 321 242 294
489 128 646 212 Vrrn
686 123 1016 214 HENRICI

240 280 366 358 phorum
390 273 514 339 officinis
534 277 681 352 prodeant,
706 297 779 354 quos
792 277 887 338 omnis
905 273 1033 336 dourino
1046 285 1144 350 expertes
1158 268 1188 332 ost

243 357 362 428 constet,
381 375 417 414 an
430 355 469 415 ita
492 354 668 416 necessariam
681 354 739 416 illis
751 353 805 417 elle
827 357 973 416 literatum
985 351 1144 429 cognitionem
1157 349 1190 409 oi·

242 425 347 512 stimat,
366 450 401 494 ut
422 421 439 492 i
465 433 522 494 suis
540 421 715 524 fertilillimis
738 431 848 523 alioqui
869 425 961 510 prelis,
984 431 1015 493 in
1032 429 1117 507 quibo
1134 423 1191 490 ronse

241 529 368 651 alos
379 507 1064 670 rollolllllslrs¹⁹q⁰t⁰iltzlszlzztsl
1080 503 1193 644 dil

242 668 305 745 qui,
327 667 425 728 stideo
437 665 648 744 typographico
660 667 712 728 arti
723 665 850 729 dobbrind
861 685 921 728 non
934 663 974 726 est
985 668 1062 739 opos,
1081 658 1194 748 qubinrl·

243 745 269 816 ti
289 764 350 818 ‚eant
370 745 478 812 indobbi
491 759 650 816 exerceant,
668 764 700 804 ac
726 743 763 804 de
786 744 821 804 iis
837 742 920 820 queri
940 742 1057 816 minim}
1076 740 1158 800 debeo:
1170 737 1196 798 iu·

244 821 402 884 dem-certo
415 824 532 900 poeticae
545 818 866 893 nenelsenecelliriam,
888 820 966 899 qubd
990 821 1022 880 ab
1033 817 1136 880 indoblir
1147 813 1196 877 eon

244 903 333 962 multa
357 900 497 976 proficisci
522 899 824 975 promerueramus,
845 898 971 979 ideoque
983 898 1019 958 de
1042 898 1091 958 illis
1107 889 1197 954 inneii

243 977 379 1057 questum
399 977 451 1040 elle
478 978 631 1040 Horatium
653 974 907 1053 pronuntiabimus.
962 976 1025 1037 Nili
1046 973 1111 1036 fond
1129 969 1198 1058 poet'ue

246 1055 367 1134 quidem
380 1053 557 1118 necessariam
575 1055 698 1117 omnino
709 1052 762 1116 elle
773 1056 925 1132 poeticam,
936 1070 965 1114 at
991 1045 1200 1131 typographicam

244 1135 398 1206 munirem,
418 1133 622 1212 dicetaliquis.'
655 1135 707 1194 Sel
721 1151 780 1211 quo
799 1132 831 1194 id
856 1153 906 1193 ore
925 1130 984 1194 diei
1006 1133 1200 1212 dquoqoanpoe

246 1212 306 1274 tit?
330 1214 409 1274 ltbne
429 1211 497 1272 verb
518 1213 654 1272 librorum
677 1211 768 1270 editio
789 1231 840 1287 pro
861 1210 1000 1287 dignitate
1019 1211 1052 1270 ab
1070 1209 1100 1270 iis
1119 1205 1200 1266 elaboro

248 1291 352 1366 poterit
373 1289 557 1368 quibusnihil
570 1309 638 1349 cum
651 1288 740 1347 Musis
751 1307 906 1349 commune
915 1288 956 1348 est
969 1293 982 1348 ?
1007 1285 1082 1348 ltine
1092 1283 1200 1345 rerbtrrr

246 1371 333 1442 cujus
350 1371 431 1428 velut
453 1371 548 1430 turelae
574 1387 607 1428 ac
625 1361 693 1428 fidei
714 1366 802 1428 literae
825 1365 881 1432 hoc
904 1369 1002 1426 seculo
1026 1356 1201 1427 commisesunt

118 1498 122 1504 .
245 1445 369 1510 fideliter
395 1445 509 1514 mabsara
535 1445 681 1506 literarum
695 1442 843 1517 imperitus
863 1443 993 1520 poterit?
1025 1433 1201 1522 &quirillus

247 1520 391 1584 disiurunr
406 1542 536 1599 putamus
548 1523 669 1596 Aldum,
695 1521 715 1582 fi
738 1542 816 1584 nunc
829 1523 1002 1583 reviviscens
1012 1521 1100 1582 videat
1110 1506 1201 1580 sutoelffi

246 1599 297 1660 srbi
309 1601 635 1679 typographos,quorum
649 1619 709 1660 non
725 1602 844 1663 minima
859 1621 921 1675 pars
935 1601 985 1662 vix
998 1601 1068 1678 penb
1084 1597 1144 1658 aliud
1156 1588 1201 1678 inl*

247 1679 315 1746 bris,
336 1679 422 1753 quim
443 1679 591 1757 quomodo
607 1679 671 1737 alba
691 1677 793 1753 pagina
818 1679 1003 1740 discernenda
1026 1676 1085 1739 srtb
1102 1673 1166 1752 nigri,
1181 1685 1201 1726 u

244 1757 377 1840 pelligit?
407 1757 494 1830 (Nam
508 1757 557 1834 qui
569 1773 679 1816 tantum
699 1755 880 1828 profecerunt
890 1775 924 1818 ut
935 1757 1034 1817 Graeca
1046 1756 1161 1824 literarum
1173 1745 1200 1806 el·

250 1851 348 1905 menta
361 1834 461 1910 poffint
472 1835 486 1894 i
499 1834 616 1902 Latinis,
635 1831 773 1892 Hebraico
793 1835 808 1894 d
830 1835 934 1895 Graecis
947 1833 1114 1906 discernere,
1131 1837 1200 1890 auom

245 1911 302 1988 'sibi
313 1911 373 1972 fieri
390 1914 523 1990 injuriam
543 1911 750 1980 colimento
769 1911 801 1972 in
815 1932 938 1972 numero
950 1911 1122 1978 indobiorutn
1133 1905 1200 1990 habeto

248 1987 307 2066 tur)
326 1985 411 2066 Quid
424 1993 491 2052 verb
506 1990 629 2052 dibluros
643 1987 688 2048 M.
706 1989 789 2050 illum
802 1987 955 2050 Musutum
970 1990 999 2052 δι
1014 1988 1115 2066 Jauum
1130 1981 1201 2066 [Αὕτη

250 2087 405 2144 putamus,
429 2071 581 2154 inquibus
607 2069 704 2144 primis
726 2067 833 2130 Graecia
856 2067 1026 2129 reviviscere
1046 2066 1131 2142 coepit,
1147 2061 1202 2132 &gl

248 2147 388 2225 principes
399 2150 429 2207 in
445 2145 595 2223 pandendo
617 2147 699 2208 nobis
722 2145 755 2208 ad
768 2147 877 2224 lingum
901 2145 988 2221 adyta
1005 2144 1101 2208 itincre
1119 2135 1202 2224 sunus?

251 2225 335 2299 quid,
358 2228 489 2300 inquam,
511 2225 634 2285 disluros
647 2245 755 2296 rentur.
776 2225 806 2297 fi,
831 2245 924 2302 quum
943 2224 995 2302 ipsi
1019 2241 1122 2286 tantum
1139 2218 1202 2298 honor

250 2303 303 2362 arti
316 2302 525 2382 typographica
546 2303 710 2375 detulerint,
728 2318 762 2374 ut
774 2324 834 2370 non
852 2303 1006 2381 indignam
1028 2296 1203 2383 exiffinninu

251 2379 331 2464 suam
351 2401 464 2456 operam
491 2389 635 2452 navarent,
655 2381 808 2458 fungentes
830 2399 949 2442 munere
971 2379 1143 2442 correslotum
1156 2369 1204 2446 (lna

253 2459 332 2533 eninr
354 2459 389 2518 de
409 2461 492 2518 rebus
510 2456 721 2534 typopraphicis
741 2456 946 2536 typographico
969 2455 1070 2538 loqui)
1098 2445 1204 2516 edmunde

252 2532 359 2605 venisse
373 2537 499 2609 videant,
523 2553 558 2596 ut
577 2537 661 2612 siquis
673 2537 726 2597 tria
738 2537 847 2600 Latina
867 2537 972 2614 lingua
987 2538 1070 2598 verba
1090 2523 1204 2616 totilsull‘

250 2615 359 2678 Graecae
373 2614 459 2684 notit,
477 2613 687 2689 typographico
701 2615 777 2677 illius
790 2615 958 2684 corresbioni
980 2613 1132 2676 nobilissimi
1148 2617 1204 2687 qul2

251 2693 398 2768 utriusque
419 2694 523 2766 linguan
547 2692 693 2766 scriptores
713 2692 952 2756 committantur?
988 2691 1072 2764 Quid
1092 2674 1206 2772 erinnis

252 2777 314 2842 stu,
338 2772 415 2832 aliud
431 2771 479 2842 est,
501 2771 573 2837 hanc
594 2772 623 2833 in
648 2771 712 2832 illos
726 2771 874 2848 scriptores
886 2769 1053 2845 potestatem
1066 2755 1207 2844 ejusnoblt

253 2849 382 2918 minibus
397 2851 581 2926 permittere,
615 2847 700 2924 quim
715 2850 823 2927 gladios
844 2849 954 2911 furiosrr
977 2850 1010 2911 in
1032 2867 1123 2908 manus
1134 2833 1207 2920 urdo}

254 2929 362 2990 Eorum
377 2950 433 3004 ego
446 2929 592 2988 enumero
610 2929 752 3004 quendam
772 2928 842 2989 olim
859 2928 1008 3004 cognovi,
1041 2926 1091 2988 illo
1109 2914 1208 3003 cornill!

253 3025 372 3067 munere
384 3024 441 3067 tam
456 3006 607 3078 crudeliter
627 3006 808 3080 fungentem,
829 3022 864 3064 ut
884 3006 1020 3067 omnibus
1046 3003 1111 3066 locis
1121 3003 1146 3061 in
1154 2989 1208 3075 quil

254 3101 357 3144 vocem
368 3101 447 3158 procos
475 3083 660 3156 inveniebat,
694 3085 785 3174 plagas
807 3081 968 3160 infligeret,
987 3099 1071 3160 porcat
1090 3076 1208 3144 nimituml

253 3162 352 3222 locum
367 3162 443 3223 illius
465 3160 654 3222 substituens:
684 3160 839 3237 itidemque
873 3153 1049 3240 ubicumque
1066 3153 1209 3239 verbuull'

253 3246 352 3308 ¹nirrnrre
374 3240 544 3305 occurrebat.
556 3238 648 3314 ipsum
672 3237 702 3298 in
722 3246 877 3298 uranium
898 3256 1038 3303 mutaret:
1062 3236 1137 3312 (adeo
1145 3223 1209 3308 ςιιιᾶω

254 3335 289 3385 ut
303 3317 414 3391 &opud
426 3315 576 3378 Horatium
596 3319 711 3390 legeret,
730 3321 781 3372 Cur
794 3337 833 3373 mr
842 3317 946 3392 querelis
958 3321 1087 3374 examinas
1096 3293 1209 3386 turdos

254 3396 391 3464 nimirum
402 3393 461 3454 haec
472 3413 530 3455 vox
542 3391 701 3470 paritc‘rque
719 3393 766 3454 illa
793 3393 877 3464 (ficut
897 3395 957 3454 aliae
977 3395 1064 3472 propd
1087 3389 1210 3471 infinirat

253 3495 321 3554 quas
343 3473 462 3534 eandem
482 3473 663 3550 tyrannidem
688 3471 860 3544 exercebat)
879 3470 1043 3535 Latinitatis
1060 3471 1118 3546 ejus
1129 3467 1210 3528 terul¹⁰⁵

254 3551 431 3624 excederent,
450 3549 709 3626 peregrinitatil'que
722 3549 889 3612 damnando
911 3549 938 3612 ei
959 3549 1126 3611 viderentur.
1155 3541 1211 3600 ldis

253 3631 332 3691 'enim
354 3628 472 3702 (tiebat)
486 3629 544 3690 scio
571 3627 623 3689 esse
644 3626 772 3689 animalia
785 3629 913 3705 qnaedarn
927 3625 963 3690 sic
984 3643 1102 3691 vocata:
1126 3619 1212 3694 ιτνῐῦοὔ

253 3728 308 3808 nee
321 3707 453 3778 animalia
464 3726 519 3802 poc
532 3704 610 3777 aliud
621 3705 652 3768 in
666 3705 769 3775 [atino
789 3705 943 3802 siguificare
955 3723 1025 3789 puto
1036 3701 1213 3834 t'io'tetisszw
