2520 4468
180 125 862 216 STEPH‘Alet‘cunnr.
950 127 1030 238 295.

8 276 235 354 tacemteqat
249 292 343 338 certus
355 273 429 346 sum,
452 293 504 346 pto
514 276 548 336 ei
561 295 696 352 reponere
749 277 813 338 Alii
822 276 898 348 sunt,
913 275 963 355 qui
982 270 1032 334 ne'

8 375 65 433 que
76 356 142 430 quid
162 375 270 416 nomen
289 352 380 425 Proci,
406 371 500 430 neque
522 353 593 429 quid
608 356 727 418 verbum
745 355 911 416 Exanimate
927 357 1029 413 valeat·

8 436 150 512 ignorent,
175 454 208 493 ac
221 431 321 492 Latina
337 429 390 488 else
410 429 531 490 minimi
543 449 661 508 negent,
685 434 716 494 in
739 433 799 493 aliis
816 436 886 494 item
912 429 1034 508 perinde

8 513 81 577 :ritis
94 531 151 572 son
166 509 292 572 haesrtent
308 530 316 566 a
336 509 384 568 sed
398 527 487 584 quum
498 507 582 582 paulb
603 509 662 570 iilis
672 513 775 572 rtriora
788 513 926 570 voeabula
939 513 969 570 in
982 527 1031 568 eo·

8 607 74 650 rum
88 591 185 650 oculos
196 589 356 660 incurrunt,
380 589 416 646 ad
434 585 501 661 ipsa,
522 603 658 661 tanquam
683 587 804 648 monstra
821 585 960 666 quadam,
981 586 1034 646 ob·

8 665 171 742 sternebant:
193 682 279 744 atque
293 663 364 722 adeo
388 665 485 736 procul
507 664 735 742 unumquodque
762 666 926 740 huiusmodi
951 683 1035 726 voca·

8 745 112 806 bulum
133 743 257 822 abigant,
283 742 360 800 aliud
381 739 430 804 fibi
446 741 583 802 familiare
603 745 634 802 in
653 745 716 816 ejus
730 745 827 804 locum
853 745 1034 815 aduocantes,

8 824 56 883 tel
69 819 161 898 potitis
186 821 303 882 obtorto
334 815 381 892 (ut
406 819 446 880 itl
465 815 571 892 dicam)
601 822 677 881 collo
698 819 896 895 pertrahentes.
935 821 1036 882 Exem-

8 902 93 977 plum
116 915 210 962 autem
234 918 270 959 ex
302 894 402 960 multis
427 915 530 966 utrum,
557 895 604 956 sed
631 898 715 958 valde
732 899 854 976 insigne,
886 899 1036 974 proferam.

8 978 118 1052 Quum
127 975 237 1038 dixisset
247 976 393 1044 Horatius,
426 975 544 1050 epistola
558 995 572 1032 2
584 975 649 1035 libri
662 977 771 1051 prioris,
790 995 855 1036 nunc
867 977 957 1034 aditha
978 989 1037 1035 tura

8 1055 206 1118 Petinautrbae
226 1068 298 1128 puer,
316 1051 351 1112 ad
375 1053 495 1114 verbum
509 1051 564 1113 hoc
577 1053 671 1114 adhibe
693 1056 812 1116 attonita
831 1055 964 1130 frequens
986 1051 1039 1112 hu·

8 1130 333 1198 usmodicorreuoram
342 1133 434 1205 turba,
453 1131 484 1192 in
507 1136 515 1164 ¹
537 1130 629 1189 adhibe
638 1134 780 1194 mutavit-.-
804 1151 967 1194 nonunum
980 1136 1040 1202 unu
1154 1171 1157 1176 -

8 1216 38 1276 'ut
56 1231 137 1282 voce,
160 1209 210 1273 sed
235 1209 396 1282 multiplex,
427 1224 549 1270 erratum
574 1209 746 1284 admittens,
781 1225 818 1272 ut
839 1210 957 1271 cuilibet
976 1209 1062 1285 (qui’

8 1290 102 1354 nodo
113 1290 227 1350 illorum
238 1285 336 1348 fimilis
346 1293 408 1349 non
420 1285 465 1360 sat)
485 1285 664 1349 manifestum
678 1287 731 1348 esse
753 1287 853 1363 potesi.
895 1288 1040 1350 Ettameo

8 1373 41 1432 in
61 1367 187 1444 pluribus
197 1361 285 1444 quim
303 1363 421 1444 triginta
443 1364 559 1424 diversis
580 1365 757 1427 editionibus
776 1369 935 1442 praelatam
960 1364 1040 1424 illam

8 1461 10 1479 ἰ
30 1445 267 1506 emendationem
280 1461 327 1504 me
339 1443 436 1504 videre
449 1441 579 1504 memini.
623 1443 669 1504 Ac
681 1445 760 1507 certd
774 1443 823 1506 vix
836 1444 951 1506 tandem
964 1443 1042 1521 Lug·

8 1523 134 1602 lunensi
145 1520 269 1596 cuipiam
290 1521 441 1582 cortesiori
452 1519 569 1596 persuafr
579 1536 614 1582 ut
625 1520 740 1594 posthac
751 1521 964 1583 inemendatum
979 1521 1042 1584 Ho-

8 1603 120 1666 ratium
132 1620 167 1662 eo
177 1597 302 1671 inversu
312 1596 364 1660 elle
375 1600 485 1675 soeret,
496 1599 526 1658 id
539 1598 589 1676 est,
607 1597 690 1660 fuum
704 1599 813 1673 adhibes
829 1603 907 1677 qood
919 1601 1042 1661 mentio·

8 1683 76 1744 Turn
100 1679 149 1740 ille
170 1677 295 1754 putabat,
326 1677 353 1737 ei
379 1677 559 1754 relinqueret.
599 1675 714 1751 Viden,
735 1677 830 1749 lassor,
850 1679 948 1739 viden’
972 1697 1041 1740 cum

8 1761 120 1840 quibus
131 1776 208 1818 nunc
218 1753 383 1816 hominibus
392 1757 540 1832 negotium
554 1753 589 1818 frt
603 1757 729 1832 antiquis
739 1757 796 1817 illis
810 1757 917 1820 Latinae
931 1758 1038 1834 linguae

8 1835 219 1912 Teriptoribus?
245 1832 322 1894 Nam
336 1833 372 1892 de
384 1835 411 1894 G
425 1835 488 1894 aecis
505 1832 576 1912 quid
595 1836 701 1896 attinet
717 1833 835 1894 dicaret
858 1837 962 1896 Graecae
987 1835 1045 1894 lin·

8 1936 76 1994 με
90 1913 242 1990 penetralis
261 1910 373 1987 ingresli
388 1855 464 1972 'sdnt
483 1911 593 1972 scilicet
613 1913 665 1987 qui
679 1913 807 1972 Latinam
835 1913 919 1974 vixi
939 1912 1043 1972 limine

8 1997 170 2056 'alutarunt
183 2013 190 2048 r
211 2007 260 2050 aut
273 1990 309 2052 ab
322 1989 380 2050 illis
392 1992 519 2052 multum
533 1990 702 2065 sperandum
716 1987 818 2064 estqui
831 1988 894 2064 ipsas
904 1989 1044 2051 librorum

8 2068 162 2134 'rentibus
180 2067 352 2144 ignorantiae
367 2066 423 2127 suae
449 2067 607 2146 imaginem
622 2067 657 2128 ad
684 2064 785 2126 vivum
810 2067 962 2143 expressam
977 2087 1046 2142 praa·

8 2151 123 2227 igunt.
160 2146 206 2208 Sic
219 2164 310 2220 nuper
334 2163 369 2204 ex
388 2144 510 2222 quidam
529 2131 702 2206 Germanici
725 2143 840 2207 official
862 2143 1046 2221 (urbisenim

8 2223 132 2292 nomini
144 2219 240 2298 parco)
282 2221 388 2297 prodiit
399 2223 515 2282 Graecus
527 2223 608 2292 liber,
632 2225 663 2284 in
678 2223 761 2298 cuius
774 2223 870 2286 fronte
888 2243 981 2302 quum
1001 2223 1046 2283 di·

9 2303 168 2382 igentiam
180 2301 212 2363 in
231 2320 267 2360 eo
279 2297 433 2361 adhibitam
454 2303 652 2362 commendare
665 2304 753 2362 vellet
777 2301 801 2362 is
825 2304 873 2364 cui
896 2303 969 2364 hanc
983 2321 1048 2373 pro·

8 2382 146 2448 rinciam
165 2377 347 2440 demandarat
364 2379 567 2455 typographus,
591 2381 620 2440 io
634 2401 669 2440 eo
684 2379 746 2454 ipso
760 2381 848 2440 verbo
869 2397 929 2458 quo
949 2399 1048 2438 emen·

8 2465 118 2526 latum
139 2455 292 2533 significare
317 2457 423 2527 voluit,
443 2459 533 2518 tribus
557 2457 713 2520 soediffimis
730 2461 832 2520 errauit
857 2459 961 2530 modis,
985 2475 1046 2518 non

8 2535 231 2624 ypograplticis
244 2532 361 2612 quidem
375 2533 441 2606 illis,
464 2534 548 2601 idest
561 2557 620 2596 non
636 2557 670 2596 ex
683 2556 831 2611 operarum
855 2538 973 2609 incurii,
998 2535 1047 2596 sed

8 2640 37 2682 rx
62 2613 266 2689 merllinguae
279 2611 382 2672 Gttecae
403 2606 566 2690 ignorantis
590 2615 686 2689 aperte
705 2614 954 2690 proficiscentibus.
994 2614 1050 2674 At.-

8 2716 72 2780 1oe
88 2694 133 2752 ira
147 2690 231 2750 miser
241 2687 435 2768 typographus
444 2691 514 2751 tlum
536 2691 695 2753 honorifico
712 2693 800 2752 titulo
817 2689 1048 2752 commendatam

8 2772 67 2838 :sse
91 2768 253 2829 editionem
276 2765 354 2826 suam
368 2767 552 2838 existimavit,
582 2769 746 2831 contristo
770 2769 888 2843 ipsemet
910 2767 1051 2845 ptaeconio

8 2866 168 2926 tanquam
181 2845 268 2907 suose
287 2847 383 2920 gladio
395 2847 541 2921 jugulans)
561 2847 639 2908 illam
661 2847 818 2907 infamavit,
859 2847 952 2922 Quod
976 2844 1046 2904 teria

8 2930 154 2997 mnium
167 2921 291 2986 maxime
308 2923 462 2986 ridiculum
475 2923 516 2986 est
528 2969 537 3000 ,
557 2925 687 2986 videmus
699 2923 792 3000 pallios
804 2922 1051 3005 typographorum

41 3179 54 3204 ¹
84 3166 130 3242 lyr
144 3161 201 3224 uni
227 3178 299 3220 voce
312 3173 411 3220 contra
432 3157 610 3234 Syllabarum
630 3173 743 3234 tempus
766 3157 810 3220 bis
832 3155 960 3235 peccavit
980 3161 1054 3222 Cor·

8 3251 109 3314 gaer
128 3267 138 3314 ς
166 3237 241 3318 quali
251 3237 346 3299 forsan
359 3237 425 3299 usus
441 3237 481 3298 est
495 3238 733 3298 Almeloveenius
755 3237 787 3300 in
806 3235 857 3298 suo
870 3254 1003 3298 notarum
1017 3237 1054 3298 ad

8 3321 128 3394 turini
157 3318 354 3394 fragmentum
382 3315 551 3391 spicilegio,
580 3315 632 3376 ubi
652 3317 694 3387 (v.
708 3313 769 3389 76.)
793 3315 990 3394 pronubilitate
1012 3335 1057 3374 re·

8 3393 291 3470 ,oniturferacirata
311 3408 444 3468 tanquam
456 3394 556 3455 melior
568 3393 661 3455 tenio.
702 3399 712 3426 ²
734 3395 774 3456 At
783 3395 847 3470 quis
863 3413 925 3454 non
938 3393 1057 3457 miretur

8 3509 28 3550 r,
47 3475 193 3543 Horatio
212 3471 419 3552 TypisRegiis
436 3476 517 3546 1642.
546 3473 651 3534 excuso
672 3471 732 3548 legi
756 3472 870 3533 adhibe?
902 3471 1059 3538 Lambinus

8 3587 31 3626 η
73 3557 143 3621 suis
166 3551 241 3612 notis
265 3547 339 3609 hanc
364 3549 495 3611 vitiosam
524 3550 637 3610 notavit
658 3548 844 3624 scripturamy
875 3546 1061 3626 &Cruquius

8 3652 124 3712 annet
142 3629 175 3694 io
186 3626 321 3694 omnibus
333 3625 443 3706 scriptis
454 3623 602 3766 ⁹⁰d³flib¹¹⁸
616 3627 710 3692 haberi
724 3626 826 3688 adhibe.
871 3676 873 3679 .
970 3701 1002 3768 ‘st
1022 3705 1030 3766 Ι

567 3726 588 3781 4
933 3723 978 3784 tpt
1003 3721 1063 3769 oet
1103 3777 1110 3788 ‚
