<?xml version="1.0" encoding="UTF-8"?>
<!DOCTYPE html PUBLIC "-//W3C//DTD XHTML 1.0 Transitional//EN"
    "http://www.w3.org/TR/xhtml1/DTD/xhtml1-transitional.dtd">
<html xmlns="http://www.w3.org/1999/xhtml" xml:lang="en" lang="en">
 <head>
  <title>
</title>
<meta http-equiv="Content-Type" content="text/html;charset=utf-8" />
  <meta name='ocr-system' content='tesseract 3.04.00' />
  <meta name='ocr-capabilities' content='ocr_page ocr_carea ocr_par ocr_line ocrx_word'/>
</head>
<body>
  <div class='ocr_page' id='page_1' title='image "./stephanorumhist00maitgoog_0274.png"; bbox 0 0 2520 4468; ppageno 0'>
   <div class='ocr_carea' id='block_1_1' title="bbox 191 103 980 272">
    <p class='ocr_par' dir='ltr' id='par_1_1' title="bbox 191 103 980 272">
     <span class='ocr_line' id='line_1_1' title="bbox 191 103 980 272; baseline 0.001 -26"><span class='ocrx_word' id='word_1_1' title='bbox 191 174 274 272; x_wconf 84' lang='lat'>256</span> <span class='ocrx_word' id='word_1_2' title='bbox 445 103 601 248; x_wconf 61' lang='lat' dir='ltr'>viri·</span> <span class='ocrx_word' id='word_1_3' title='bbox 640 161 980 250; x_wconf 79' lang='lat' dir='ltr'>uuuurcr</span> 
     </span>
    </p>
   </div>
   <div class='ocr_carea' id='block_1_2' title="bbox 181 292 1259 2680">
    <p class='ocr_par' dir='ltr' id='par_1_2' title="bbox 181 292 1259 2680">
     <span class='ocr_line' id='line_1_2' title="bbox 188 292 1210 412; baseline -0.002 -24"><span class='ocrx_word' id='word_1_4' title='bbox 188 292 315 412; x_wconf 85' lang='lat' dir='ltr'>piebat</span> <span class='ocrx_word' id='word_1_5' title='bbox 333 310 436 384; x_wconf 83' lang='lat' dir='ltr'>filius.</span> <span class='ocrx_word' id='word_1_6' title='bbox 486 325 497 355; x_wconf 92' lang='lat'>¹</span> <span class='ocrx_word' id='word_1_7' title='bbox 514 309 599 386; x_wconf 91' lang='lat' dir='ltr'>Post</span> <span class='ocrx_word' id='word_1_8' title='bbox 617 311 755 386; x_wconf 87' lang='lat' dir='ltr'>editum</span> <span class='ocrx_word' id='word_1_9' title='bbox 772 313 897 408; x_wconf 85' lang='lat' dir='ltr'>itaque</span> <span class='ocrx_word' id='word_1_10' title='bbox 924 314 1078 388; x_wconf 89' lang='lat' dir='ltr'>Novum</span> <span class='ocrx_word' id='word_1_11' title='bbox 1093 309 1210 398; x_wconf 67' lang='lat' dir='ltr'>Testis</span> 
     </span>
     <span class='ocr_line' id='line_1_3' title="bbox 187 427 1211 530; baseline 0.006 -27"><span class='ocrx_word' id='word_1_12' title='bbox 187 449 368 523; x_wconf 85' lang='lat' dir='ltr'>mentum,</span> <span class='ocrx_word' id='word_1_13' title='bbox 393 427 680 504; x_wconf 85' lang='lat' dir='ltr'>Ecclefiasticam</span> <span class='ocrx_word' id='word_1_14' title='bbox 696 427 900 524; x_wconf 87' lang='lat' dir='ltr'>hujusmodi</span> <span class='ocrx_word' id='word_1_15' title='bbox 914 429 1211 530; x_wconf 66' lang='lat' dir='ltr'>Catholicimque</span> 
     </span>
     <span class='ocr_line' id='line_1_4' title="bbox 188 547 1210 648; baseline 0.004 -24"><span class='ocrx_word' id='word_1_16' title='bbox 188 551 448 645; x_wconf 76' lang='lat' dir='ltr'>expositionem</span> <span class='ocrx_word' id='word_1_17' title='bbox 474 551 515 624; x_wconf 91' lang='lat' dir='ltr'>in</span> <span class='ocrx_word' id='word_1_18' title='bbox 540 549 699 624; x_wconf 78' lang='lat' dir='ltr'>Genesin</span> <span class='ocrx_word' id='word_1_19' title='bbox 716 554 752 623; x_wconf 87' lang='lat'>&amp;</span> <span class='ocrx_word' id='word_1_20' title='bbox 777 547 936 624; x_wconf 83' lang='lat' dir='ltr'>Psalmos</span> <span class='ocrx_word' id='word_1_21' title='bbox 954 549 1027 625; x_wconf 76' lang='lat' dir='ltr'>hoc</span> <span class='ocrx_word' id='word_1_22' title='bbox 1043 575 1157 648; x_wconf 87' lang='lat' dir='ltr'>ann0,</span> <span class='ocrx_word' id='word_1_23' title='bbox 1177 555 1210 628; x_wconf 90' lang='lat' dir='ltr'>in</span> 
     </span>
     <span class='ocr_line' id='line_1_5' title="bbox 187 650 1251 767; baseline 0 -21"><span class='ocrx_word' id='word_1_24' title='bbox 187 655 333 746; x_wconf 85' lang='lat' dir='ltr'>Esai&#39;am</span> <span class='ocrx_word' id='word_1_25' title='bbox 348 667 471 767; x_wconf 88' lang='lat' dir='ltr'>postea</span> <span class='ocrx_word' id='word_1_26' title='bbox 484 671 637 746; x_wconf 86' lang='lat' dir='ltr'>biennio</span> <span class='ocrx_word' id='word_1_27' title='bbox 652 666 802 766; x_wconf 82' lang='lat' dir='ltr'>adjecit,</span> <span class='ocrx_word' id='word_1_28' title='bbox 826 669 1042 744; x_wconf 86' lang='lat' dir='ltr'>cumindice</span> <span class='ocrx_word' id='word_1_29' title='bbox 1054 652 1212 754; x_wconf 74' lang='lat' dir='ltr'>adfinem</span> <span class='ocrx_word' id='word_1_30' title='bbox 1249 650 1251 742; x_wconf 81' lang='lat' dir='ltr'>l</span> 
     </span>
     <span class='ocr_line' id='line_1_6' title="bbox 187 781 1252 890; baseline 0.002 -22"><span class='ocrx_word' id='word_1_31' title='bbox 187 781 300 868; x_wconf 81' lang='lat' dir='ltr'>Elaiae</span> <span class='ocrx_word' id='word_1_32' title='bbox 316 793 506 870; x_wconf 87' lang='lat' dir='ltr'>communi</span> <span class='ocrx_word' id='word_1_33' title='bbox 529 795 623 869; x_wconf 85' lang='lat' dir='ltr'>blnis</span> <span class='ocrx_word' id='word_1_34' title='bbox 638 791 918 890; x_wconf 79' lang='lat' dir='ltr'>expositionibus</span> <span class='ocrx_word' id='word_1_35' title='bbox 938 792 1098 868; x_wconf 87' lang='lat' dir='ltr'>antehac</span> <span class='ocrx_word' id='word_1_36' title='bbox 1119 798 1213 872; x_wconf 80' lang='lat' dir='ltr'>editis</span> <span class='ocrx_word' id='word_1_37' title='bbox 1250 783 1252 870; x_wconf 57' lang='grc' dir='ltr'>Ϊ</span> 
     </span>
     <span class='ocr_line' id='line_1_7' title="bbox 186 905 1213 1010; baseline 0 -23"><span class='ocrx_word' id='word_1_38' title='bbox 186 912 443 1006; x_wconf 67' lang='lat' dir='ltr'>:iMarloraro³</span> <span class='ocrx_word' id='word_1_39' title='bbox 459 913 545 1008; x_wconf 76' lang='lat' dir='ltr'>&#39;qui</span> <span class='ocrx_word' id='word_1_40' title='bbox 555 936 653 988; x_wconf 82' lang='lat' dir='ltr'>anno</span> <span class='ocrx_word' id='word_1_41' title='bbox 667 919 761 1008; x_wconf 86' lang='lat'>1562</span> <span class='ocrx_word' id='word_1_42' title='bbox 776 909 912 986; x_wconf 68' lang='lat' dir='ltr'>Ostob.</span> <span class='ocrx_word' id='word_1_43' title='bbox 930 937 986 1010; x_wconf 81' lang='lat'>30.</span> <span class='ocrx_word' id='word_1_44' title='bbox 996 905 1213 1008; x_wconf 78' lang='lat' dir='ltr'>juffuA&#39;nnz</span> 
     </span>
     <span class='ocr_line' id='line_1_8' title="bbox 186 1027 1214 1114; baseline 0.005 -5"><span class='ocrx_word' id='word_1_45' title='bbox 186 1034 461 1110; x_wconf 84' lang='lat' dir='ltr'>Moumorantii</span> <span class='ocrx_word' id='word_1_46' title='bbox 502 1029 771 1109; x_wconf 86' lang='lat' dir='ltr'>Connestabilis</span> <span class='ocrx_word' id='word_1_47' title='bbox 808 1035 845 1106; x_wconf 75' lang='grc' dir='ltr'>δε</span> <span class='ocrx_word' id='word_1_48' title='bbox 879 1027 1088 1108; x_wconf 72' lang='lat' dir='ltr'>Francisci</span> <span class='ocrx_word' id='word_1_49' title='bbox 1106 1034 1214 1114; x_wconf 84' lang='lat' dir='ltr'>Ducis</span> 
     </span>
     <span class='ocr_line' id='line_1_9' title="bbox 185 1145 1254 1276; baseline 0.004 -46"><span class='ocrx_word' id='word_1_50' title='bbox 185 1154 300 1230; x_wconf 85' lang='lat' dir='ltr'>Guisri</span> <span class='ocrx_word' id='word_1_51' title='bbox 314 1153 553 1254; x_wconf 80' lang='lat' dir='ltr'>Rothomagi,</span> <span class='ocrx_word' id='word_1_52' title='bbox 567 1151 718 1232; x_wconf 84' lang='lat' dir='ltr'>obierat</span> <span class='ocrx_word' id='word_1_53' title='bbox 731 1148 896 1227; x_wconf 83' lang='lat' dir='ltr'>Ecclesrae</span> <span class='ocrx_word' id='word_1_54' title='bbox 910 1151 1044 1248; x_wconf 82' lang='lat' dir='ltr'>pastor,</span> <span class='ocrx_word' id='word_1_55' title='bbox 1071 1145 1215 1254; x_wconf 71' lang='lat' dir='ltr'>suspen-¹</span> <span class='ocrx_word' id='word_1_56' title='bbox 1234 1153 1254 1276; x_wconf 46' lang='grc' dir='ltr'>Ὗ(</span> 
     </span>
     <span class='ocr_line' id='line_1_10' title="bbox 184 1267 1255 1384; baseline 0.004 -37"><span class='ocrx_word' id='word_1_57' title='bbox 184 1267 244 1347; x_wconf 86' lang='lat' dir='ltr'>sus</span> <span class='ocrx_word' id='word_1_58' title='bbox 268 1274 332 1346; x_wconf 86' lang='lat' dir='ltr'>est.</span> <span class='ocrx_word' id='word_1_59' title='bbox 379 1273 519 1346; x_wconf 85' lang='lat' dir='ltr'>³Anno</span> <span class='ocrx_word' id='word_1_60' title='bbox 548 1277 654 1368; x_wconf 84' lang='lat'>1562.</span> <span class='ocrx_word' id='word_1_61' title='bbox 683 1269 819 1344; x_wconf 90' lang='lat' dir='ltr'>bellum</span> <span class='ocrx_word' id='word_1_62' title='bbox 852 1269 1011 1366; x_wconf 91' lang='lat' dir='ltr'>primum</span> <span class='ocrx_word' id='word_1_63' title='bbox 1043 1272 1215 1352; x_wconf 84' lang='lat' dir='ltr'>civileiu</span> <span class='ocrx_word' id='word_1_64' title='bbox 1254 1348 1255 1384; x_wconf 26' lang='lat' dir='ltr'>p</span> 
     </span>
     <span class='ocr_line' id='line_1_11' title="bbox 185 1383 1255 1482; baseline 0.004 -22"><span class='ocrx_word' id='word_1_65' title='bbox 185 1383 318 1461; x_wconf 82' lang='lat' dir='ltr'>Galliis</span> <span class='ocrx_word' id='word_1_66' title='bbox 339 1406 534 1482; x_wconf 82' lang='lat' dir='ltr'>movetur3</span> <span class='ocrx_word' id='word_1_67' title='bbox 558 1387 736 1463; x_wconf 84' lang='lat' dir='ltr'>Decemb.</span> <span class='ocrx_word' id='word_1_68' title='bbox 758 1411 815 1478; x_wconf 89' lang='lat'>19.</span> <span class='ocrx_word' id='word_1_69' title='bbox 831 1383 976 1460; x_wconf 85' lang='lat' dir='ltr'>Gallica</span> <span class='ocrx_word' id='word_1_70' title='bbox 994 1383 1213 1466; x_wconf 75' lang='lat' dir='ltr'>Reformatae</span> <span class='ocrx_word' id='word_1_71' title='bbox 1254 1389 1255 1394; x_wconf 66' lang='lat'>‘</span> 
     </span>
     <span class='ocr_line' id='line_1_12' title="bbox 184 1503 1256 1610; baseline 0.004 -30"><span class='ocrx_word' id='word_1_72' title='bbox 184 1506 392 1604; x_wconf 82' lang='lat' dir='ltr'>Religionis</span> <span class='ocrx_word' id='word_1_73' title='bbox 408 1507 577 1582; x_wconf 86' lang='lat' dir='ltr'>nobilitas</span> <span class='ocrx_word' id='word_1_74' title='bbox 594 1508 685 1582; x_wconf 86' lang='lat' dir='ltr'>duce</span> <span class='ocrx_word' id='word_1_75' title='bbox 701 1503 873 1602; x_wconf 85' lang='lat' dir='ltr'>Principe</span> <span class='ocrx_word' id='word_1_76' title='bbox 898 1503 1089 1581; x_wconf 77' lang='lat' dir='ltr'>condensi</span> <span class='ocrx_word' id='word_1_77' title='bbox 1105 1508 1214 1610; x_wconf 79' lang='lat' dir='ltr'>Regis</span> <span class='ocrx_word' id='word_1_78' title='bbox 1255 1522 1256 1566; x_wconf 68' lang='lat'>³</span> 
     </span>
     <span class='ocr_line' id='line_1_13' title="bbox 183 1619 1257 1728; baseline 0.007 -31"><span class='ocrx_word' id='word_1_79' title='bbox 183 1623 356 1700; x_wconf 77' lang='lat' dir='ltr'>Navarrae</span> <span class='ocrx_word' id='word_1_80' title='bbox 374 1622 497 1720; x_wconf 82' lang='lat' dir='ltr'>fratre,</span> <span class='ocrx_word' id='word_1_81' title='bbox 528 1623 748 1700; x_wconf 83' lang='lat' dir='ltr'>Elizabethae</span> <span class='ocrx_word' id='word_1_82' title='bbox 763 1619 914 1720; x_wconf 83' lang='lat' dir='ltr'>Reginae</span> <span class='ocrx_word' id='word_1_83' title='bbox 936 1625 1215 1718; x_wconf 83' lang='lat' dir='ltr'>&amp;quorundam</span> <span class='ocrx_word' id='word_1_84' title='bbox 1256 1698 1257 1728; x_wconf 16' lang='grc' dir='ltr'><strong>χ</strong></span> 
     </span>
     <span class='ocr_line' id='line_1_14' title="bbox 185 1735 1257 1845; baseline 0.006 -28"><span class='ocrx_word' id='word_1_85' title='bbox 185 1741 393 1842; x_wconf 77' lang='lat' dir='ltr'>Germaniae</span> <span class='ocrx_word' id='word_1_86' title='bbox 418 1737 630 1845; x_wconf 86' lang='lat' dir='ltr'>Principum</span> <span class='ocrx_word' id='word_1_87' title='bbox 658 1741 813 1818; x_wconf 81' lang='lat' dir='ltr'>subsidiis</span> <span class='ocrx_word' id='word_1_88' title='bbox 840 1739 944 1834; x_wconf 82' lang='lat' dir='ltr'>freta,</span> <span class='ocrx_word' id='word_1_89' title='bbox 980 1741 1062 1818; x_wconf 87' lang='lat' dir='ltr'>non</span> <span class='ocrx_word' id='word_1_90' title='bbox 1096 1747 1216 1844; x_wconf 85' lang='lat' dir='ltr'>procul</span> <span class='ocrx_word' id='word_1_91' title='bbox 1255 1735 1257 1836; x_wconf 68' lang='lat' dir='ltr'>l</span> 
     </span>
     <span class='ocr_line' id='line_1_15' title="bbox 183 1853 1258 1962; baseline 0.003 -24"><span class='ocrx_word' id='word_1_92' title='bbox 183 1853 370 1940; x_wconf 84' lang='lat' dir='ltr'>Druidum</span> <span class='ocrx_word' id='word_1_93' title='bbox 396 1866 484 1944; x_wconf 81' lang='lat' dir='ltr'>urbe</span> <span class='ocrx_word' id='word_1_94' title='bbox 505 1865 544 1940; x_wconf 90' lang='lat' dir='ltr'>in</span> <span class='ocrx_word' id='word_1_95' title='bbox 572 1858 814 1951; x_wconf 71' lang='lat' dir='ltr'>Normandol,</span> <span class='ocrx_word' id='word_1_96' title='bbox 854 1879 982 1934; x_wconf 86' lang='lat' dir='ltr'>contra</span> <span class='ocrx_word' id='word_1_97' title='bbox 1005 1855 1216 1941; x_wconf 77' lang='lat' dir='ltr'>Pontificius</span> <span class='ocrx_word' id='word_1_98' title='bbox 1257 1895 1258 1962; x_wconf 65' lang='lat'><em>3</em></span> 
     </span>
     <span class='ocr_line' id='line_1_16' title="bbox 184 1971 1259 2082; baseline 0.008 -28"><span class='ocrx_word' id='word_1_99' title='bbox 184 1971 278 2058; x_wconf 81' lang='lat' dir='ltr'>duce</span> <span class='ocrx_word' id='word_1_100' title='bbox 304 1971 500 2056; x_wconf 86' lang='lat' dir='ltr'>Francisco</span> <span class='ocrx_word' id='word_1_101' title='bbox 520 1971 660 2072; x_wconf 73' lang='lat' dir='ltr'>G&#39;uisro,</span> <span class='ocrx_word' id='word_1_102' title='bbox 682 1991 784 2076; x_wconf 85' lang='lat' dir='ltr'>aequo</span> <span class='ocrx_word' id='word_1_103' title='bbox 802 1977 877 2056; x_wconf 69' lang='lat' dir='ltr'>fere</span> <span class='ocrx_word' id='word_1_104' title='bbox 899 1993 1015 2055; x_wconf 72' lang='lat' dir='ltr'>marte</span> <span class='ocrx_word' id='word_1_105' title='bbox 1032 1980 1214 2064; x_wconf 73' lang='lat' dir='ltr'>for&#39;tiffimi</span> <span class='ocrx_word' id='word_1_106' title='bbox 1258 2075 1259 2082; x_wconf 7' lang='grc' dir='ltr'>ἵ</span> 
     </span>
     <span class='ocr_line' id='line_1_17' title="bbox 181 2095 1259 2201; baseline 0.003 -30"><span class='ocrx_word' id='word_1_107' title='bbox 181 2095 418 2201; x_wconf 80' lang='lat' dir='ltr'>praeliataest.</span> <span class='ocrx_word' id='word_1_108' title='bbox 468 2097 639 2177; x_wconf 83' lang='lat' dir='ltr'>Violenta</span> <span class='ocrx_word' id='word_1_109' title='bbox 655 2097 1001 2177; x_wconf 85' lang='lat' dir='ltr'>Marloratimorsin</span> <span class='ocrx_word' id='word_1_110' title='bbox 1016 2095 1215 2195; x_wconf 72' lang='lat' dir='ltr'>causrfun,</span> <span class='ocrx_word' id='word_1_111' title='bbox 1258 2101 1259 2136; x_wconf 61' lang='lat'>¹</span> 
     </span>
     <span class='ocr_line' id='line_1_18' title="bbox 184 2219 1213 2325; baseline 0.002 -32"><span class='ocrx_word' id='word_1_112' title='bbox 184 2220 380 2314; x_wconf 88' lang='lat' dir='ltr'>quominus</span> <span class='ocrx_word' id='word_1_113' title='bbox 400 2219 598 2325; x_wconf 70' lang='lat' dir='ltr'>Catholicae</span> <span class='ocrx_word' id='word_1_114' title='bbox 621 2223 707 2316; x_wconf 85' lang='lat' dir='ltr'>illae,</span> <span class='ocrx_word' id='word_1_115' title='bbox 747 2245 834 2322; x_wconf 84' lang='lat' dir='ltr'>quas</span> <span class='ocrx_word' id='word_1_116' title='bbox 849 2221 889 2295; x_wconf 93' lang='lat' dir='ltr'>in</span> <span class='ocrx_word' id='word_1_117' title='bbox 903 2219 1061 2314; x_wconf 86' lang='lat' dir='ltr'>reliquos</span> <span class='ocrx_word' id='word_1_118' title='bbox 1080 2219 1213 2295; x_wconf 81' lang='lat' dir='ltr'>Biblio</span> 
     </span>
     <span class='ocr_line' id='line_1_19' title="bbox 182 2339 1206 2442; baseline 0.004 -30"><span class='ocrx_word' id='word_1_119' title='bbox 182 2361 265 2412; x_wconf 89' lang='lat' dir='ltr'>rum</span> <span class='ocrx_word' id='word_1_120' title='bbox 295 2339 437 2416; x_wconf 87' lang='lat' dir='ltr'>codices</span> <span class='ocrx_word' id='word_1_121' title='bbox 467 2345 562 2442; x_wconf 90' lang='lat' dir='ltr'>typis</span> <span class='ocrx_word' id='word_1_122' title='bbox 590 2341 658 2420; x_wconf 87' lang='lat' dir='ltr'>suis</span> <span class='ocrx_word' id='word_1_123' title='bbox 681 2339 864 2420; x_wconf 85' lang='lat' dir='ltr'>absolvere</span> <span class='ocrx_word' id='word_1_124' title='bbox 879 2339 1065 2415; x_wconf 87' lang='lat' dir='ltr'>Henricus</span> <span class='ocrx_word' id='word_1_125' title='bbox 1083 2341 1206 2416; x_wconf 79' lang='lat' dir='ltr'>decre·</span> 
     </span>
     <span class='ocr_line' id='line_1_20' title="bbox 182 2459 1210 2565; baseline 0.007 -34"><span class='ocrx_word' id='word_1_126' title='bbox 182 2477 296 2554; x_wconf 87' lang='lat' dir='ltr'>verat,</span> <span class='ocrx_word' id='word_1_127' title='bbox 314 2465 553 2558; x_wconf 78' lang='lat' dir='ltr'>expositiones</span> <span class='ocrx_word' id='word_1_128' title='bbox 566 2467 814 2565; x_wconf 81' lang='lat' dir='ltr'>procederent.</span> <span class='ocrx_word' id='word_1_129' title='bbox 855 2459 974 2556; x_wconf 84' lang='lat' dir='ltr'>Hujus</span> <span class='ocrx_word' id='word_1_130' title='bbox 990 2461 1115 2558; x_wconf 83' lang='lat' dir='ltr'>operis</span> <span class='ocrx_word' id='word_1_131' title='bbox 1131 2465 1210 2538; x_wconf 84' lang='lat' dir='ltr'>arti·</span> 
     </span>
     <span class='ocr_line' id='line_1_21' title="bbox 182 2581 1214 2680; baseline 0.001 -25"><span class='ocrx_word' id='word_1_132' title='bbox 182 2581 244 2656; x_wconf 77' lang='lat' dir='ltr'>ferr</span> <span class='ocrx_word' id='word_1_133' title='bbox 259 2581 402 2656; x_wconf 73' lang='lat' dir='ltr'>anteai</span> <span class='ocrx_word' id='word_1_134' title='bbox 424 2583 590 2660; x_wconf 88' lang='lat' dir='ltr'>Roberto</span> <span class='ocrx_word' id='word_1_135' title='bbox 615 2583 832 2680; x_wconf 77' lang='lat' dir='ltr'>designatus,</span> <span class='ocrx_word' id='word_1_136' title='bbox 858 2590 869 2616; x_wconf 83' lang='lat'><em>²</em></span> <span class='ocrx_word' id='word_1_137' title='bbox 887 2602 1027 2654; x_wconf 88' lang='lat' dir='ltr'>annum</span> <span class='ocrx_word' id='word_1_138' title='bbox 1049 2583 1214 2680; x_wconf 80' lang='lat' dir='ltr'>virae·56·</span> 
     </span>
    </p>
   </div>
   <div class='ocr_carea' id='block_1_3' title="bbox 180 2701 1250 3406">
    <p class='ocr_par' dir='ltr' id='par_1_3' title="bbox 180 2701 1250 3406">
     <span class='ocr_line' id='line_1_22' title="bbox 182 2701 1216 2808; baseline -0.001 -31"><span class='ocrx_word' id='word_1_139' title='bbox 182 2704 288 2797; x_wconf 89' lang='lat' dir='ltr'>(cum</span> <span class='ocrx_word' id='word_1_140' title='bbox 305 2709 514 2802; x_wconf 85' lang='lat' dir='ltr'>necaretur)</span> <span class='ocrx_word' id='word_1_141' title='bbox 530 2727 657 2808; x_wconf 79' lang='lat' dir='ltr'>agens,</span> <span class='ocrx_word' id='word_1_142' title='bbox 681 2701 724 2778; x_wconf 68' lang='lat' dir='ltr'>erl</span> <span class='ocrx_word' id='word_1_143' title='bbox 750 2721 827 2776; x_wconf 87' lang='lat' dir='ltr'>erat</span> <span class='ocrx_word' id='word_1_144' title='bbox 852 2723 969 2794; x_wconf 81' lang='lat' dir='ltr'>aetate,</span> <span class='ocrx_word' id='word_1_145' title='bbox 994 2721 1034 2776; x_wconf 90' lang='lat' dir='ltr'>ut</span> <span class='ocrx_word' id='word_1_146' title='bbox 1049 2704 1216 2776; x_wconf 81' lang='lat' dir='ltr'>easinte-</span> 
     </span>
     <span class='ocr_line' id='line_1_23' title="bbox 182 2817 1250 2926; baseline 0.003 -30"><span class='ocrx_word' id='word_1_147' title='bbox 182 2847 262 2921; x_wconf 84' lang='lat' dir='ltr'>gras</span> <span class='ocrx_word' id='word_1_148' title='bbox 279 2826 323 2920; x_wconf 83' lang='lat' dir='ltr'>(sr</span> <span class='ocrx_word' id='word_1_149' title='bbox 347 2821 467 2904; x_wconf 73' lang='lat' dir='ltr'>fuisset</span> <span class='ocrx_word' id='word_1_150' title='bbox 482 2824 673 2926; x_wconf 83' lang='lat' dir='ltr'>superstes)</span> <span class='ocrx_word' id='word_1_151' title='bbox 690 2821 863 2922; x_wconf 88' lang='lat' dir='ltr'>perlicere</span> <span class='ocrx_word' id='word_1_152' title='bbox 878 2817 1060 2918; x_wconf 82' lang='lat' dir='ltr'>potuillet.</span> <span class='ocrx_word' id='word_1_153' title='bbox 1112 2823 1216 2898; x_wconf 83' lang='lat' dir='ltr'>Heu·</span> <span class='ocrx_word' id='word_1_154' title='bbox 1243 2902 1250 2913; x_wconf 78' lang='grc'>,</span> 
     </span>
     <span class='ocr_line' id='line_1_24' title="bbox 181 2933 1214 3044; baseline 0.013 -32"><span class='ocrx_word' id='word_1_155' title='bbox 181 2939 276 3016; x_wconf 90' lang='lat' dir='ltr'>ricus</span> <span class='ocrx_word' id='word_1_156' title='bbox 293 2947 334 3021; x_wconf 92' lang='lat' dir='ltr'>in</span> <span class='ocrx_word' id='word_1_157' title='bbox 350 2943 417 3022; x_wconf 83' lang='lat' dir='ltr'>suae</span> <span class='ocrx_word' id='word_1_158' title='bbox 434 2943 590 3044; x_wconf 83' lang='lat' dir='ltr'>epistolae</span> <span class='ocrx_word' id='word_1_159' title='bbox 607 2933 833 3022; x_wconf 88' lang='lat' dir='ltr'>Psalmorum</span> <span class='ocrx_word' id='word_1_160' title='bbox 856 2947 949 3022; x_wconf 91' lang='lat' dir='ltr'>libro</span> <span class='ocrx_word' id='word_1_161' title='bbox 964 2945 1115 3044; x_wconf 84' lang='lat' dir='ltr'>praefirae</span> <span class='ocrx_word' id='word_1_162' title='bbox 1146 2949 1214 3025; x_wconf 79' lang='lat' dir='ltr'>fine</span> 
     </span>
     <span class='ocr_line' id='line_1_25' title="bbox 181 3051 1207 3164; baseline 0.002 -23"><span class='ocrx_word' id='word_1_163' title='bbox 181 3051 227 3132; x_wconf 77' lang='lat' dir='ltr'>ad</span> <span class='ocrx_word' id='word_1_164' title='bbox 254 3059 438 3158; x_wconf 82' lang='lat' dir='ltr'>specimen</span> <span class='ocrx_word' id='word_1_165' title='bbox 465 3067 623 3140; x_wconf 84' lang='lat' dir='ltr'>dandum</span> <span class='ocrx_word' id='word_1_166' title='bbox 648 3062 754 3141; x_wconf 84' lang='lat' dir='ltr'>affert</span> <span class='ocrx_word' id='word_1_167' title='bbox 783 3067 933 3141; x_wconf 88' lang='lat' dir='ltr'>initium</span> <span class='ocrx_word' id='word_1_168' title='bbox 958 3063 1094 3143; x_wconf 86' lang='lat' dir='ltr'>Psalmi</span> <span class='ocrx_word' id='word_1_169' title='bbox 1126 3091 1207 3164; x_wconf 74' lang='lat'>¹04</span> 
     </span>
     <span class='ocr_line' id='line_1_26' title="bbox 180 3173 1209 3287; baseline 0.008 -35"><span class='ocrx_word' id='word_1_170' title='bbox 180 3173 332 3258; x_wconf 76' lang='lat' dir='ltr'>versibus</span> <span class='ocrx_word' id='word_1_171' title='bbox 350 3183 504 3262; x_wconf 86' lang='lat' dir='ltr'>heroicis</span> <span class='ocrx_word' id='word_1_172' title='bbox 525 3182 727 3284; x_wconf 75' lang='lat' dir='ltr'>expressum</span> <span class='ocrx_word' id='word_1_173' title='bbox 744 3184 765 3262; x_wconf 76' lang='grc' dir='ltr'>ὲ</span> <span class='ocrx_word' id='word_1_174' title='bbox 792 3187 960 3287; x_wconf 86' lang='lat' dir='ltr'>Georgio</span> <span class='ocrx_word' id='word_1_175' title='bbox 986 3187 1209 3263; x_wconf 89' lang='lat' dir='ltr'>Buchanano</span> 
     </span>
     <span class='ocr_line' id='line_1_27' title="bbox 180 3298 1208 3406; baseline 0.001 -33"><span class='ocrx_word' id='word_1_176' title='bbox 180 3298 306 3398; x_wconf 89' lang='lat' dir='ltr'>Scoto,</span> <span class='ocrx_word' id='word_1_177' title='bbox 331 3305 418 3378; x_wconf 90' lang='lat' dir='ltr'>dum</span> <span class='ocrx_word' id='word_1_178' title='bbox 432 3305 476 3380; x_wconf 90' lang='lat' dir='ltr'>ad</span> <span class='ocrx_word' id='word_1_179' title='bbox 494 3304 673 3380; x_wconf 88' lang='lat' dir='ltr'>edendum</span> <span class='ocrx_word' id='word_1_180' title='bbox 689 3325 808 3380; x_wconf 90' lang='lat' dir='ltr'>totum</span> <span class='ocrx_word' id='word_1_181' title='bbox 833 3329 922 3406; x_wconf 85' lang='lat' dir='ltr'>opus</span> <span class='ocrx_word' id='word_1_182' title='bbox 939 3303 975 3380; x_wconf 86' lang='lat' dir='ltr'>se</span> <span class='ocrx_word' id='word_1_183' title='bbox 989 3307 1208 3404; x_wconf 62' lang='lat' dir='ltr'>accingerer„</span> 
     </span>
    </p>
   </div>
   <div class='ocr_carea' id='block_1_4' title="bbox 179 3515 1208 3684">
    <p class='ocr_par' dir='ltr' id='par_1_4' title="bbox 179 3515 1208 3706">
     <span class='ocr_line' id='line_1_28' title="bbox 221 3515 1208 3606; baseline -0.007 -18"><span class='ocrx_word' id='word_1_184' title='bbox 221 3533 232 3561; x_wconf 83' lang='lat'>¹</span> <span class='ocrx_word' id='word_1_185' title='bbox 255 3528 378 3606; x_wconf 79' lang='lat' dir='ltr'>Exposrt·</span> <span class='ocrx_word' id='word_1_186' title='bbox 392 3527 423 3588; x_wconf 91' lang='lat' dir='ltr'>in</span> <span class='ocrx_word' id='word_1_187' title='bbox 437 3527 608 3602; x_wconf 76' lang='lat' dir='ltr'>Psalmpug.</span> <span class='ocrx_word' id='word_1_188' title='bbox 627 3520 747 3597; x_wconf 80' lang='lat' dir='ltr'>proxim</span> <span class='ocrx_word' id='word_1_189' title='bbox 763 3523 844 3588; x_wconf 85' lang='lat' dir='ltr'>Praef.</span> <span class='ocrx_word' id='word_1_190' title='bbox 885 3531 895 3556; x_wconf 87' lang='lat'>²</span> <span class='ocrx_word' id='word_1_191' title='bbox 916 3523 993 3585; x_wconf 81' lang='lat' dir='ltr'>leon.</span> <span class='ocrx_word' id='word_1_192' title='bbox 1007 3523 1095 3594; x_wconf 64' lang='lat' dir='ltr'>Ber„</span> <span class='ocrx_word' id='word_1_193' title='bbox 1116 3529 1128 3599; x_wconf 69' lang='grc' dir='ltr'>ξ</span> <span class='ocrx_word' id='word_1_194' title='bbox 1149 3515 1208 3581; x_wconf 77' lang='lat' dir='ltr'>cu·</span> 
     </span>
     <span class='ocr_line' id='line_1_29' title="bbox 179 3601 1037 3684; baseline -0.002 -16"><span class='ocrx_word' id='word_1_195' title='bbox 179 3603 231 3668; x_wconf 83' lang='lat' dir='ltr'>vis.</span> <span class='ocrx_word' id='word_1_196' title='bbox 245 3605 349 3672; x_wconf 76' lang='lat' dir='ltr'>Chion.</span> <span class='ocrx_word' id='word_1_197' title='bbox 362 3607 389 3672; x_wconf 78' lang='grc' dir='ltr'>δι</span> <span class='ocrx_word' id='word_1_198' title='bbox 400 3606 484 3684; x_wconf 77' lang='lat' dir='ltr'>Epist.</span> <span class='ocrx_word' id='word_1_199' title='bbox 499 3605 563 3668; x_wconf 77' lang='lat' dir='ltr'>Ber.</span> <span class='ocrx_word' id='word_1_200' title='bbox 576 3603 610 3666; x_wconf 72' lang='lat' dir='ltr'>nd</span> <span class='ocrx_word' id='word_1_201' title='bbox 624 3601 777 3671; x_wconf 65' lang='lat' dir='ltr'>elizabeth.</span> <span class='ocrx_word' id='word_1_202' title='bbox 790 3619 855 3672; x_wconf 78' lang='lat' dir='ltr'>ante</span> <span class='ocrx_word' id='word_1_203' title='bbox 868 3601 946 3672; x_wconf 75' lang='lat' dir='ltr'>Nou.</span> <span class='ocrx_word' id='word_1_204' title='bbox 956 3602 1037 3668; x_wconf 83' lang='lat' dir='ltr'>Tell.</span> 
     </span>
    </p>
   </div>
   <div class='ocr_carea' id='block_1_5' title="bbox 1162 3769 1206 3850">
    <p class='ocr_par' dir='ltr' id='par_1_5' title="bbox 1162 3769 1206 3850">
     <span class='ocr_line' id='line_1_30' title="bbox 1162 3769 1206 3850; baseline 0 -8"><span class='ocrx_word' id='word_1_205' title='bbox 1162 3769 1206 3850; x_wconf 89' lang='lat' dir='ltr'>In</span> 
     </span>
    </p>
   </div>
   <div class='ocr_carea' id='block_1_6' title="bbox 0 0 1264 4468">
    <p class='ocr_par' dir='ltr' id='par_1_6' title="bbox 0 0 1264 4468">
     <span class='ocr_line' id='line_1_31' title="bbox 0 0 1264 4468; baseline 0 2"><span class='ocrx_word' id='word_1_206' title='bbox 0 0 1264 4468; x_wconf 95' lang='lat' dir='ltr'> </span> 
     </span>
    </p>
   </div>
  </div>
 </body>
</html>
