2520 4468
201 235 285 314 290
453 201 613 282 Vrrt
651 185 986 279 HENRlCI

200 332 379 428 praeterire
411 326 484 400 mei
513 320 749 419 Praeceptoris
775 317 907 414 optimi
935 313 1220 408 Patroniquell.

200 451 344 524 Busbeii
369 469 508 537 curam,
549 443 629 538 qui,
661 438 838 534 quiequid
873 431 1098 510 modestiam
1126 433 1222 532 pollet

199 567 340 659 laedere,
372 589 449 640 non
464 563 610 658 quidem
625 581 735 634 manu
755 556 827 649 (uti
845 551 1061 630 falsissime*
1081 555 1169 630 Viri
1185 557 1222 652 pii

200 689 414 764 memoriam
428 673 770 760 calumniarinescio
786 673 1035 768 quisAnuper
1049 661 1165 740 ausus
1175 659 1225 752 el)

200 811 426 909 indigitavit,
442 803 504 881 sed
535 807 580 878 ab
607 796 832 878 Authoribus
849 791 1005 866 omnino
1021 782 1228 862 eliminavit·

170 982 174 988 -
202 926 291 1002 Hoc
320 948 420 1002 anno
452 947 498 998 ex
527 918 675 996 officini
699 913 856 991 Henrici
883 909 1114 1006 prodierunt
1140 909 1228 1001 (quor

200 1045 385 1142 superiore
423 1035 671 1139 promiserat)
711 1031 813 1110 Varii
852 1025 1024 1102 Historiae
1062 1025 1230 1100 Romam

200 1158 393 1257 scriptores
413 1155 547 1255 partim
581 1152 704 1230 Graeci
738 1147 872 1246 partim
896 1142 1025 1218 Latini
1058 1141 1112 1216 in
1138 1161 1231 1216 unuut

202 1279 303 1354 velut
318 1298 449 1371 corpus
462 1273 597 1348 redacti
613 1293 697 1346 cum
713 1258 865 1364 copioso
883 1261 924 1336 in
939 1280 1076 1334 omnes
1111 1260 1232 1353 indice,

202 1400 240 1470 dc
256 1394 476 1469 carminibus
489 1393 534 1465 de
549 1392 693 1490 singulis
706 1379 988 1482 inperatoribus
1001 1377 1156 1474 &Julio
1171 1381 1232 1455 Ce-

203 1513 280 1592 sare
297 1520 344 1592 ad
359 1515 625 1592 Ferdinandum
642 1512 773 1610 partim
787 1506 832 1580 ab
860 1495 1046 1593 Ausonio,
1074 1498 1232 1600 partimi
1251 1533 1254 1608 p

198 1637 340 1732 Jacobo
354 1634 513 1735 Micyllo
529 1636 564 1705 dc
580 1629 716 1706 Urfiuo
729 1627 840 1704 Velio
869 1618 1110 1718 conscriptis.
1162 1625 1234 1698 Pre-
1253 1621 1254 1624 ‘

203 1777 305 1831 terta
320 1776 359 1829 ut
380 1748 624 1827 adolescentes
642 1750 786 1847 lingua
804 1744 937 1818 Graecae
965 1741 1126 1818 studiosi
1149 1745 1231 1818 Porti
1255 1805 1256 1808 η

204 1872 418 1949 Christianae
435 1864 687 1960 assuescerent,
713 1864 903 1938 volumine
931 1862 1128 1951 minimo,
1150 1861 1232 1957 quod

207 1991 350 2066 sacilitis
365 1985 668 2078 circumferretur,
689 1983 830 2077 aliquot
861 1978 997 2078 Synesri
1012 1977 1184 2078 hymnos
1205 1983 1233 2052 lt

204 2112 440 2188 Nazianzeui
454 2109 540 2182 odas
553 2109 655 2183 vario
669 2105 887 2204 Lyricorum
903 2095 1076 2175 versuum
1093 2124 1234 2202 genere,

205 2229 375 2324 adjurata
408 2229 465 2301 Fr.
510 2227 614 2301 Porti
644 2221 776 2298 Latini
814 2222 1162 2318 interpretatione3
1198 2243 1234 2296 ac

207 2344 367 2422 Psalmos
388 2344 541 2420 Daridis
555 2343 694 2441 aliquot
707 2339 1155 2427 ’Araurorrururrrurer‘rur
1169 2367 1234 2419 me·

204 2489 265 2542 tto
281 2465 555 2542 Anacreontico
574 2460 865 2558 Sapphict'rqued
881 2458 916 2534 se
932 2461 1118 2560 redditos,
1132 2489 1235 2540 unum

209 2591 298 2660 126m
313 2585 547 2677 Latini,cum
561 2583 746 2658 nonnullis
758 2583 803 2656 de
820 2581 925 2655 rebus
940 2577 1047 2656 sacris
1061 2584 1236 2664 Flamini

208 2701 362 2776 verstbus
378 2700 552 2802 vulgavit.

243 2801 257 2829 ⁴
278 2803 393 2874 Sciunt,
415 2819 559 2879 quotquot
583 2799 666 2864 illum
692 2801 812 2874 norint,
840 2802 926 2880 quim
946 2799 1046 2864 severi
1073 2801 1240 2880 disciplffl,

99 2875 110 2887 ⁸
205 2881 482 2958 motiburantiquis,
507 2881 680 2942 tenacissimi
700 2899 764 2956 erga
777 2879 927 2941 Ecclesiam
953 2875 1034 2952 (cum
1055 2881 1088 2940 in
1112 2883 1240 2944 maxine

204 2961 337 3032 periculis
360 2956 525 3032 versaretur)
544 2959 610 3028 tide,
630 2959 751 3018 ferventi
778 2960 807 3018 δι
831 2957 1000 3034 Apostolico
1024 2959 1115 3032 juxta
1140 2961 1239 3022 refflm

202 3036 353 3098 scientiam
368 3039 531 3116 bonimque
543 3037 743 3098 conscientiam
757 3036 842 3108 Zelo,
857 3037 947 3098 {labili
968 3056 1020 3110 pro
1032 3035 1201 3100 Cttlrolr'cis
1211 3055 1240 3098 ee

206 3113 365 3175 Primitivis
387 3115 509 3192 ideoque
530 3115 601 3174 sanir
626 3115 728 3174 ritibus
748 3111 836 3181 (dum
861 3113 1045 3175 Eccestastico
1056 3113 1175 3176 senatui
1200 3117 1239 3176 iu·

197 3193 317 3257 tereret)
338 3191 491 3254 constantii
504 3191 670 3270 spectandus
681 3191 777 3252 suerit.
818 3191 948 3253 Heroieae
968 3190 1108 3252 suntillae
1120 3195 1240 3255 virtuter

204 3269 297 3334 milite
320 3268 479 3330 Christiano
492 3271 594 3348 digna,
624 3270 774 3332 calumniis
804 3269 939 3332 omnibus
962 3269 1155 3344 superiorerr
1173 3289 1241 3347 qn

204 3346 359 3408 maledicus
368 3346 463 3422 quivit
475 3349 652 3409 conviciator
662 3345 773 3410 faciliitt
785 3369 865 3410 nunc
876 3363 978 3424 carpet,
990 3349 1085 3424 quim
1097 3348 1242 3412 imitetur.

202 3424 308 3486 Credat
325 3427 390 3502 jam,
409 3425 460 3502 qui
473 3423 563 3500 poilir,
581 3425 678 3486 virum
691 3427 748 3486 illie
759 3424 1064 3502 preditumiuuentuti
1077 3426 1235 3490 fenestram

201 3503 238 3564 ad
252 3503 407 3580 nequitiam
421 3503 563 3579 aperuisse.
602 3497 750 3573 Quamvis
771 3519 922 3568 ememtes
945 3520 1005 3566 tem
1029 3504 1182 3568 munitae
1207 3504 1239 3567 st

204 3582 337 3642 omnibus
351 3600 420 3642 nota
432 3582 547 3642 vindice
570 3579 692 3644 minime
703 3597 794 3658 egeat,
812 3601 893 3644 amor
904 3601 1003 3644 terneu
1030 3583 1241 3658 veritatisgn·

199 3657 301 3732 trisque
322 3661 422 3736 (quem
435 3678 500 3736 erga
515 3659 725 3734 Ptaeceptomm
748 3659 892 3734 optimum
905 3677 1002 3737 gerere
1017 3659 1195 3736 discipulum
1205 3659 1238 3719 in

203 3752 371 3810 perpetuum
385 3735 502 3802 summis
529 3735 672 3804 beneficiis
690 3736 859 3806 devinctum
884 3739 979 3808 decet)
1008 3741 1129 3804 enimus
1148 3755 1242 3800 noete

201 3832 315 3886 menon
326 3813 415 3892 pallus
431 3813 485 3878 est.
983 3851 985 3858 ι
1061 3813 1238 3894 soporum
