2520 4468
210 170 287 270 328
458 165 976 261 VriiHENRlcl

204 321 441 404 occupationibus
451 341 519 398 quas
538 320 634 383 secum
652 341 694 382 ars
713 316 873 398 iliasubit,
889 312 1030 393 temporis
1043 312 1221 405 suparibus

204 408 235 466 id
261 403 379 479 quidem
398 400 565 460 universum
585 400 653 458 lruic
673 399 751 474 operi
774 395 872 472 possim
894 395 1079 470 impendere,
1101 392 1150 452 sed
1174 412 1222 468 epus

205 501 311 558 partem
323 480 354 540 in
365 479 515 540 ledionem
531 478 764 557 typographicam
773 495 884 543 eorum,
900 493 973 549 quos
984 473 1110 533 interim
1122 472 1222 542 excolo,

204 577 334 620 autorum
354 555 402 631 (ex
425 557 530 634 quibus
554 575 633 615 nunc
659 553 698 614 est
717 549 892 622 Plutarchus)
913 549 1024 612 necesse
1039 549 1160 610 habeam
1172 568 1226 609 con·

206 639 287 698 ferre.
328 636 410 706 Haec,
429 637 558 714 inquam,
576 632 643 692 suot
657 649 770 706 propter
792 649 856 707 que
869 630 1004 690 futurum
1024 624 1113 702 spero
1139 643 1169 687 ut
1187 627 1226 686 mi·

205 717 234 775 hi
245 715 300 776 &a
315 714 438 774 vobis&
452 715 486 770 ab
502 713 563 770 aliis
572 711 656 770 venia
670 709 763 780 detur,
781 709 811 768 δι
825 705 939 784 quidem
954 727 1018 767 non
1041 726 1148 766 eorum
1169 703 1227 764 dun·

205 811 355 869 taxarquae
369 793 399 851 in
415 792 462 850 itu
487 789 565 858 serie,
585 787 632 846 sed
653 787 682 846 δι
703 805 804 848 eorunr
832 803 895 860 quaa
916 785 947 845 in
972 785 1038 844 ullis
1062 784 1130 860 ejus
1154 783 1227 856 opuis

205 887 281 946 parte
296 869 480 944 peccaverim.
520 865 603 926 Absit
614 865 692 924 enim
706 880 739 922 ut
752 865 802 924 sibi
827 862 975 943 quisquam
1003 861 1184 944 persuadeat,
1200 861 1227 918 ita

206 969 254 1010 me
265 949 385 1006 aliorum
396 963 481 1004 errata
495 945 628 1019 proferre,
648 941 723 1020 quasi
736 939 794 1014 ipse
819 939 868 1000 sim
893 935 1124 1018 ἰνιμέςπΊΘ,
1148 941 1174 1000 &
1191 932 1227 998 bo

207 1028 318 1086 minem
333 1044 379 1084 me
390 1023 443 1083 elle
455 1039 514 1081 non
529 1021 719 1088 meminerim,
740 1014 834 1090 idest,
851 1038 918 1080 euin
938 1023 1028 1092 cujus
1054 1021 1092 1080 sit
1113 1018 1178 1088 labi,
1196 1037 1228 1074 er·

205 1125 275 1175 rare,
297 1101 413 1172 nescire,
432 1101 535 1174 decipi.
573 1098 638 1158 lmb
650 1097 718 1156 verb
732 1117 777 1157 me
799 1096 952 1158 &colloco
978 1098 1013 1158 in
1037 1093 1101 1160 bric
1120 1113 1229 1168 numero,

205 1181 303 1259 &jam
316 1199 405 1257 nunc,
424 1179 454 1239 in
470 1197 534 1236 meo
546 1195 630 1252 opere
642 1173 695 1234 elle
708 1175 738 1234 in
757 1173 861 1250 quibus
876 1174 986 1248 lapsum
1001 1195 1054 1234 me
1073 1174 1228 1248 existimem,

204 1259 333 1334 ingenue
344 1257 440 1318 fateor.
480 1253 537 1314 Sed
550 1253 624 1314 inter
648 1271 695 1312 eos
718 1254 767 1331 qui
782 1252 942 1327 aliquando,
962 1253 993 1313 dc
1022 1273 1079 1315 eos
1105 1251 1230 1334 quiiden·

205 1337 296 1398 tidem
308 1356 340 1396 ac
351 1332 470 1394 subinde
483 1348 585 1402 errant,
603 1329 752 1391 discrimen
766 1329 946 1394 statuendum
956 1329 1013 1392 else
1029 1331 1112 1394 dico.
1138 1331 1230 1402 Quint·

205 1417 276 1476 tiam
289 1411 411 1474 minime
425 1409 545 1472 dubium
557 1409 605 1484 est,
626 1412 697 1486 quin
719 1409 788 1468 varii
803 1409 856 1469 sint
876 1426 1039 1471 erratorum
1061 1411 1097 1472 in
1111 1409 1167 1474 bisc
1185 1405 1226 1467 eti·

203 1515 249 1554 am
263 1509 366 1568 genere
379 1491 459 1548 velut
468 1487 589 1566 gradus:
624 1487 662 1557 dr,
680 1506 713 1547 ut
729 1487 857 1563 quedam
880 1488 994 1548 veniam
1025 1507 1187 1558 merentur,
1202 1485 1230 1548 its

205 1572 332 1648 quaedam
344 1566 437 1641 flagris
451 1561 545 1639 potitis
558 1566 644 1640 quim
660 1567 744 1625 venia
766 1565 853 1642 digna
879 1565 987 1628 censeri
1010 1568 1157 1629 debeant
1189 1562 1230 1624 llr

203 1649 289 1724 porro
310 1663 354 1707 tot
374 1647 491 1720 tamque
504 1642 579 1702 foeda
592 1643 763 1704 lexicorum
788 1657 875 1702 errata
895 1644 1035 1705 ledorern
1052 1649 1161 1718 celare,
1179 1661 1230 1720 pre·

203 1743 332 1802 terquam
355 1722 434 1800 qubd
448 1719 548 1798 religio
573 1719 646 1779 mihi
658 1719 762 1794 fuiffer,
783 1737 884 1796 utpote
897 1723 947 1797 qui
960 1722 1087 1787 silentio
1109 1743 1176 1784 meo
1192 1719 1229 1780 sal·

201 1803 263 1867 sam
276 1803 432 1864 multorum
446 1800 481 1860 de
502 1796 558 1859 illis
569 1795 734 1873 opinionem
760 1799 891 1860 audurus
916 1820 992 1862 eram
1013 1801 1165 1864 fortasse:
1182 1817 1228 1860 tou

204 1881 290 1958 verb,
304 1901 339 1942 ne
354 1880 383 1940 δι
404 1877 463 1954 ipse
488 1875 658 1938 Lexicorum
678 1875 887 1938 consarcinator
911 1877 1109 1952 existimarer,
1130 1893 1230 1954 capere

202 1960 295 2021 facere
309 1953 546 2019 necellehabuilse
560 1954 671 2015 videor.
712 1952 877 2028 Quomodo
889 1958 968 2016 enim
991 1960 1073 2034 quid
1100 1961 1230 2022 interme·

197 2057 255 2099 »uns
270 2037 298 2098 dr
311 2038 429 2097 illorum
439 2053 509 2110 opus
532 2030 705 2094 discriminis
731 2033 773 2106 sit,
793 2032 885 2105 &cur
902 2037 983 2096 velut
997 2035 1016 2094 ὃ
1040 2031 1229 2098 fundamentis

203 2114 428 2176 construendum
456 2111 526 2174 mihi
545 2111 633 2171 luerit
653 2108 792 2172 Thesauri
815 2111 872 2172 mei
901 2113 1071 2189 aedificium,
1096 2113 1230 2178 ostendere

203 2190 378 2269 potuissem,
410 2191 460 2254 nili
486 2189 575 2264 qualis
601 2187 667 2248 effer
680 2209 779 2251 eorum
807 2190 941 2254 strouura
961 2191 1184 2256 ostendissem?
1198 2187 1230 2250 Ut

203 2270 287 2344 porrb
301 2288 349 2328 eos
362 2269 394 2330 in
417 2270 520 2332 ceteris
534 2265 661 2326 imitatus
674 2289 733 2328 non
756 2269 831 2342 sum,
855 2270 893 2329 ita
907 2289 961 2330 nec
980 2273 1013 2330 in
1033 2265 1229 2346 praetereundis

203 2347 431 2419 silentioeorum,
460 2346 539 2406 unde
554 2344 661 2420 aliquid
681 2363 828 2408 mutuatus
854 2347 927 2419 sum,
948 2350 1140 2412 nominibus.
1175 2345 1231 2406 Nu

202 2429 281 2486 eninr
296 2425 413 2484 nomina
431 2441 559 2484 veterum
583 2423 719 2484 duntaxat
742 2425 910 2500 scriptorum
935 2423 963 2485 dc
996 2427 1116 2490 Graecae
1142 2426 1231 2498 ringor

201 2521 336 2574 autorum
348 2500 483 2573 adscribo,
503 2519 537 2560 ex
549 2500 654 2576 quibus
678 2505 808 2575 exempla
830 2503 1036 2579 loquutionum
1060 2504 1117 2580 (ut
1142 2503 1229 2576 vulgu

202 2576 299 2650 vocat)
320 2581 336 2640 a
357 2599 404 2642 me
417 2594 572 2656 petuntur:
605 2577 652 2637 sed
674 2580 702 2640 δι
728 2581 925 2656 interpretum,
950 2599 1001 2641 aut
1029 2583 1228 2658 expofirorum

200 2656 369 2729 aliorr‘rmve,
394 2657 559 2734 quicunque
570 2657 676 2730 aliquid
690 2659 723 2718 ad
739 2659 943 2733 expositionem
954 2661 1082 2735 alicujus
1110 2653 1229 2720 vocabili

201 2738 348 2814 pertinens
360 2735 529 2814 scripserint,
554 2734 642 2810 siquid
657 2757 690 2796 ex
703 2738 737 2797 iis
749 2737 777 2796 in
792 2755 863 2812 opus
875 2757 972 2798 meum
987 2739 1179 2800 transferam.

242 2818 271 2876 A
283 2815 308 2874 L
318 2813 446 2875 TERA
467 2830 561 2872 autem
576 2811 698 2888 epistola
720 2835 790 2894 mea:
803 2831 877 2888 parte
896 2811 959 2890 (aut
972 2817 1052 2876 certe
1066 2813 1167 2878 alterii
1178 2817 1229 2876 mei

201 2885 338 2970 epistola,
375 2893 458 2970 siquis
488 2883 612 2951 vestrirm
635 2895 712 2952 ranrtl
739 2893 826 2952 unius
848 2892 1031 2970 longitudine
1057 2889 1228 2965 offendatur]

201 2993 286 3050 quem
301 2971 316 3030 ὲ
332 2971 472 3030 mensibus
486 2969 597 3045 aliquot
609 2969 727 3044 concepi
743 2991 895 3032 moerorem
919 2971 955 3031 de
981 2971 1089 3032 misera
1107 2991 1229 3034 veterum

199 3052 368 3124 scriptorum
383 3048 456 3120 sorte
480 3067 512 3108 ac
536 3046 703 3109 conditione
727 3047 756 3108 in
778 3047 955 3128 'quorundam
981 3051 1225 3128 typographorum

200 3131 275 3204 prela
299 3125 497 3194 incidentium,
520 3125 607 3186 vobis·
626 3145 766 3200 exponere
789 3129 842 3186 'vel
866 3123 1056 3201 potiusvelur
1081 3129 1119 3190 in
1144 3129 1227 3190 sinum

199 3203 326 3265 vestrum
343 3203 488 3263 effundere
515 3203 608 3264 statui.
647 3201 718 3278 Qul
729 3204 846 3282 quidem
871 3225 906 3266 ex
930 3227 961 3266 re
985 3205 1046 3266 oon
1073 3201 1225 3268 minusad

200 3305 253 3344 vos
271 3280 358 3359 quarn
381 3281 415 3337 ad
440 3301 486 3340 me
505 3281 596 3358 aliqui
623 3281 727 3342 doloris
754 3283 810 3341 mei
832 3300 909 3357 parte
933 3303 1132 3346 exoneravero
1167 3279 1224 3360 (qni

199 3362 307 3439 alioqui
319 3357 444 3418 inclusus
458 3357 619 3433 strangulat,
639 3379 671 3420 ut
684 3359 774 3421 aiebat
786 3359 878 3428 Naso)
909 3362 938 3422 bc
950 3380 1000 3422 vos
1013 3363 1181 3434 cautiores,
1200 3357 1225 3418 ni

199 3443 292 3508 fallor,
311 3436 471 3496 reddidero.
513 3437 573 3512 Ego
592 3435 681 3510 igitur
708 3437 779 3499 olim
810 3439 926 3516 quidem
954 3457 1090 3500 veterum
1118 3439 1227 3514 scripto·

198 3537 262 3575 rum
275 3517 378 3576 sortem
402 3535 437 3573 eo
453 3513 570 3574 nomine
593 3515 790 3589 deplorabam,
802 3516 920 3594 quqdin
940 3515 1033 3578 illotas
1054 3513 1104 3588 (ut
1117 3534 1228 3590 prover·

199 3597 264 3654 biali
282 3613 343 3653 utar
357 3591 468 3665 verbo)
489 3610 589 3652 manus
610 3599 768 3655 multorum
790 3596 836 3654 vel
857 3595 1047 3670 interpretum
1074 3596 1124 3654 vel
1146 3611 1225 3669 expo·

198 3671 312 3730 sitorum
335 3670 502 3744 inciderent,
520 3669 572 3746 qui
595 3668 641 3730 sua
656 3673 765 3733 somnia
786 3673 841 3732 illis
858 3673 1013 3750 deliriaque
1037 3671 1222 3758 effingerent:
1254 3651 1257 3726 i

196 3768 225 3810 at
246 3769 322 3810 nunc
353 3767 479 3844 eorum,
516 3748 564 3830 qui
596 3748 628 3809 in
652 3749 833 3838 quorundam
865 3749 1121 3840 typogrpplrotuua'
1151 3749 1225 3890 ffi
1252 3823 1257 3918 l
