2622 4506
204 177 613 272 STEPHANI
660 187 877 271 Ptttnr.
1002 205 1054 296 '59

57 333 172 422 bibetur
187 336 406 440 surripuisse,
432 340 566 436 Typis,
595 340 639 414 in
650 340 822 438 Appiano
837 333 986 440 Graccis,
1015 347 1056 420 in

56 463 196 562 Epistolis
209 463 352 538 bunelli
366 462 507 537 Latinis
523 456 602 536 usus
616 459 734 538 suerit

50 761 54 768 ,
88 725 164 803 Hac
179 723 385 804 infortunia
400 726 551 803 Roberti
580 727 741 802 animum
758 751 835 804 non
852 723 1058 829 fregerunt,

55 842 101 922 scd
113 846 279 927 obstinate
295 871 447 946 operam
469 851 582 945 dedit,
609 858 648 924 ut'
665 873 712 925 ne
730 851 816 946 quid
833 847 869 926 se
894 849 917 926 ὲ
943 855 1055 927 literis

53 965 257 1067 abstraheret,
282 995 374 1066 neq,-
390 971 442 1044 hae
459 971 571 1046 ullum
597 973 858 1046 detrimentum
881 974 925 1046 ab
950 974 1055 1072 ipstus

55 1088 285 1165 calamitatibus
303 1093 520 1188 acciperent.
564 1091 623 1166 Ab
635 1091 714 1186 illo,
728 1115 827 1165 anno
846 1099 963 1190 15480.
976 1096 1056 1170 ine-

56 1200 140 1304 unte,
155 1201 357 1288 Medicinae
386 1212 526 1289 studiosa
546 1210 681 1288 strenas
704 1235 920 1310 receperunt
945 1215 1056 1290 Trai·

55 1324 164 1402 lianum
196 1335 232 1405 dc
262 1331 403 1405 Rhazae
433 1331 478 1405 de
514 1329 718 1426 pestilentiti
736 1335 1056 1428 commentarium,

58 1457 286 1547 quos¹Pettus
319 1453 544 1538 castellanus
577 1475 622 1526 ex
668 1454 786 1554 Regid
829 1459 1057 1537 Bibliotheca

58 1573 261 1676 prompserat,
295 1602 333 1655 ct
363 1576 517 1653 Iacobus
547 1573 751 1674 Goupylus,
777 1577 929 1654 Andreae
946 1582 1056 1656 Tira·

62 1697 523 1796 quellihortatu‚emendatos
532 1696 627 1770 notis
637 1693 1056 1776 illustraveratMoxHi-

62 1815 299 1921 bonamquam
315 1821 499 1922 superiore
512 1843 610 1896 anno
625 1817 647 1893 ὲ
663 1818 841 1921 Dionysio
855 1822 1056 1920 auspicatus

63 1959 135 2035 crat,
154 1945 268 2024 Dione
290 1971 390 2022 nunc
405 1945 529 2020 addito
545 1945 666 2043 pergit
686 1943 872 2018 demereri.
897 1945 1056 2021 Hebrai-

64 2059 107 2131 cis
117 2059 233 2141 biblicis
245 2066 388 2163 duplici
402 2059 519 2143 formai
542 2061 641 2162 prius
669 2066 815 2157 excusa,
840 2087 888 2138 ne
912 2063 1056 2144 Didio-

64 2183 173 2262 narium
201 2181 352 2284 deesset,
384 2189 519 2268 sanetis
543 2187 700 2288 Pagnini
728 2181 956 2264 Thesaurum
972 2191 1055 2266 dili·
1145 2240 1148 2246 ·

64 2325 163 2402 genter
183 2328 418 2410 repurgatum
441 2306 584 2403 adjecit.
634 2320 646 2348 ²
671 2311 842 2404 ..Quamvis
870 2318 955 2384 enim
986 2336 1057 2388 tam

66 2425 180 2503 multaab
204 2429 313 2522 [accras
328 2438 446 2531 pariter
460 2425 504 2510 ά
511 2431 662 2534 profhetae
678 2428 786 2502 literas
799 2433 991 2530 praestiterit,
1019 2457 1056 2510 ut

61 2545 134 2646 fiqcit
150 2575 259 2654 optram
276 2555 321 2629 ab
336 2585 368 2628 eo
380 2563 414 2629 in
426 2583 506 2628 unas
523 2575 682 2626 navatam
694 2581 765 2625 cum
778 2555 826 2644 ed,
845 2585 942 2658 quam
955 2563 990 2630 in
1005 2559 1057 2632 as·

68 2683 129 2738 terat
143 2683 293 2760 navavit,
319 2679 470 2776 conferat,
498 2675 635 2750 deutris
660 2671 771 2746 melitis
788 2683 935 2747 meritum
960 2675 1060 2752 dicere

68 2799 181 2879 oporteat,
210 2789 663 2894 indubiosortaffireliisurus
691 2813 744 2882 τις
769 2792 891 2864 nullam
907 2793 1060 2878 tamenda

67 2895 113 2970 hcc
123 2903 327 2985 dubitationem
341 2907 402 3009 ipse
426 2909 533 2984 voluit
551 2909 697 3010 relinqui,
723 2914 800 3003 quin
816 2909 853 2981 de
865 2905 968 2999 seceris
992 2939 1058 2986 mc-

66 3018 114 3093 ltu
122 3040 217 3106 mereri
228 3040 397 3132 cupiverit.
444 3031 546 3107 Dum
560 3031 634 3105 haec
646 3021 845 3134 inhofflcini
860 3023 1060 3122 Typogra-

67 3141 152 3236 phiec
179 3174 365 3251 geruntur,
403 3149 554 3228 subinde
584 3153 746 3248 oportuit
778 3169 860 3219 eum
902 3148 1061 3236 amoliri,

71 3281 132 3353 qua
156 3265 214 3347 suo
236 3273 350 3369 capiti
381 3272 425 3346 ab
443 3269 585 3346 intends
609 3268 765 3344 inimicis
789 3267 1062 3378 impendebant,

69 3384 205 3462 111²ltt.“³
219 3391 322 3467 Nota
338 3395 468 3468 eratin
484 3389 559 3488 ejus
568 3391 772 3491 perniciem
784 3387 934 3483 collegii
950 3385 1062 3478 totius,

100 3625 333 3694 'PtedthnlL
373 3637 386 3669 ⁸
413 3629 495 3710 Epist.
508 3633 546 3698 H.
559 3635 585 3700 S.
605 3633 641 3700 ad
655 3627 796 3700 eoncord.
817 3623 857 3688 N.
882 3621 922 3690 T.
984 3630 998 3672 ¹
1026 3629 1064 3694 1t.

70 3689 147 3778 suph·
162 3705 242 3786 MP·
260 3731 288 3790 p.
307 3713 356 3775 26.
368 3727 415 3787 η’
831 3803 859 3844 “
877 3797 1066 3876 burbonici

1032 3841 1050 3872 t
