2592 4480
202 166 906 276 STEPHANI'Srouuur.
988 191 1070 299 289

38 333 65 382 “
82 354 212 414 'xeratr
254 335 415 434 reliquus
432 338 596 412 nondum
625 357 805 434 potuerat,
831 343 919 436 quia
950 363 1072 415 exem-

36 458 63 504 “
83 460 166 556 pler
178 456 248 535 suo
263 460 375 535 simile
391 459 614 552 desideravit,
632 481 703 534 nec
725 463 876 535 Lutetiae
903 465 1071 540 invenire

33 572 60 616 '‘
80 577 222 672 potuit,
245 597 309 650 aut
325 575 472 650 aliunde
492 574 655 673 adipisci.
702 579 826 677 Rogat
849 582 975 674 itaque
990 581 1071 656 Da-

36 693 62 783 ’ἶ
83 683 352 792 lechampium,
381 698 411 736 “
436 699 459 770 st
486 698 581 793 apud
608 697 790 774 Librarios
806 703 997 797 repererit,
1023 703 1070 777 ad

35 812 59 852 “
83 808 123 886 se
139 805 242 908 justo
257 816 378 911 pretio
396 817 529 891 mittat.
577 818 725 892 Titulus
748 819 803 894 illi
820 821 886 915 est,
923 820 1069 897 Medici

35 930 176 1026 antiqui
189 952 322 1010 omnen
337 931 461 1008 Latini
474 939 545 1010 dac.
572 935 746 1012 Veneriis.
775 939 833 1014 M.
850 939 899 1014 D.
915 938 1070 1015 XLVII.

37 1052 116 1130 nln
140 1053 306 1134 infolio.
365 1059 394 1100 “
419 1058 509 1132 Non
529 1055 600 1130 hoe
624 1057 815 1156 intelligit,
846 1062 946 1155 quod
962 1061 1069 1136 Hen-

36 1169 178 1251 “ricus
206 1178 409 1275 Stephanus
426 1181 472 1254 de
492 1179 631 1254 Gracia
656 1177 850 1253 &Latinis
876 1179 1068 1256 confusum

37 1294 63 1332 “
81 1299 223 1376 edidit:
251 1300 348 1375 Illud
366 1301 466 1376 enim
492 1299 586 1375 solor
609 1301 761 1374 Latinos
788 1297 897 1374 habet
913 1299 1071 1379 numero'·

38 1417 233 1498 “circiter
267 1449 324 1500 12.
356 1444 418 1498 aut
448 1449 505 1523 ¹3·
545 1423 737 1517 exquibus
764 1443 876 1495 unum
899 1423 1069 1501 Strabum

37 1538 235 1618 “Gallum
263 1540 486 1639 ampliffimis
507 1540 780 1618 commentariis
807 1541 1065 1638 explicaverat.

39 1649 120 1732 Hac
143 1661 349 1736 Naucelius
362 1691 377 1756 ,·
409 1664 471 1738 cui
495 1658 608 1736 nostri
630 1659 788 1733 Henrici
813 1659 915 1733 labor
943 1661 1066 1742 mindr

38 1777 179 1872 placuit.
230 1781 394 1857 Redie'ne
410 1805 458 1857 an
474 1779 584 1879 secus,
614 1777 779 1876 judicent
788 1779 936 1855 medici.

82 1975 199 2052 Anno
217 1985 325 2076 1568.
377 1978 703 2078 Apophthegmata
718 1974 847 2048 Graeca
874 1976 1066 2054 uolumine

37 2097 346 2194 mintriacum,
379 2097 453 2176 und
485 2107 495 2136 ¹
513 2121 598 2174 cum
614 2095 747 2176 Latind
772 2094 971 2191 Raphaelis
991 2099 1069 2178 llea

38 2218 102 2315 gil,
132 2241 245 2315 quam
261 2215 481 2296 Erasmianae
498 2217 675 2310 liberiori,
700 2212 783 2290 rard
801 2207 957 2292 fideliori
976 2238 1065 2313 pra·

38 2340 129 2434 tulit,
145 2342 463 2438 interpretatione.
515 2340 646 2420 ‘Loci
681 2337 822 2431 aliquot
857 2339 897 2414 in
932 2337 1065 2412 Gracc

37 2475 133 2534 textu
149 2460 345 2546 emendati.
364 2458 536 2538 luerunt:
584 2458 740 2532 aliorum
771 2458 1066 2532 emendationem

37 2595 113 2654 erum
132 2576 208 2656 suis
231 2580 455 2656 editionibus
483 2576 686 2672 Plutarchi,
711 2577 747 2648 δε
763 2565 899 2646 Laertii
921 2561 1067 2659 pollici-

36 2717 84 2774 tus
100 2699 166 2778 cst.
215 2701 264 2776 In
282 2700 356 2782 hdc
384 2701 509 2777 libello
533 2697 570 2774 se
590 2694 751 2794 Fuggeri
768 2683 1066 2788 Typographum

36 2814 256 2912 postremum
284 2820 500 2914 (quantum
544 2815 663 2890 adhuc
698 2802 831 2882 vidille
870 2799 1065 2896 contigit),

36 2952 100 3010 nec
112 2937 271 3011 enimin
295 2937 378 3012 aliis
405 2931 595 3010 libriswhdc
612 2952 711 3004 anno
725 2926 844 3016 editis,
873 2940 1064 3014 nuncupa*¹

35 3051 93 3126 tir.
148 3064 160 3097 ¹
181 3050 413 3151 Opusculum
442 3055 515 3128 hoc
541 3049 751 3149 ingratiam
771 3057 967 3140 puerorum
984 3038 1064 3111 vul*¹

35 3171 148 3266 gavit,
181 3195 341 3268 quorum
364 3171 578 3248 memoriam
601 3165 724 3241 excoli
742 3167 777 3236 du
800 3155 962 3232 exerceri
988 3153 1087 3224 vel·.

35 3281 79 3358 let
104 3288 150 3362 in
163 3283 374 3382 hujusmodi
390 3279 723 3388 Apophthegmatir
751 3275 874 3376 captui
896 3291 1022 3346 eorum
1040 3267 1064 3340 a

36 3394 150 3500 sagaci
164 3428 389 3502 praeceptore
413 3400 550 3480 selectis
568 3405 604 3476 dr
623 3391 918 3474 accommodatis.
968 3385 1064 3458 Pue-

34 3521 279 3596 rorumeriam
295 3522 477 3598 rationem
492 3516 513 3593 ὲ
531 3507 567 3592 se
584 3513 745 3590 habitam
764 3501 868 3581 fuisse
889 3515 994 3574 notat
1022 3499 1064 3572 in

37 3635 240 3734 rejiciendis
264 3635 465 3722 obscaenis:
512 3635 596 3712 Nec
644 3627 784 3731 polium
814 3623 874 3700 hic
906 3617 1063 3715 gsrlentio

77 3760 344 3841 *omniumr
384 3759 512 3838 :mn
555 3830 595 3905 T
885 3815 1068 3918 praeterire·
