2602 4480
194 181 245 267 68
425 177 991 266 vrrrltosstltrt

192 341 220 378 ⁸⁸
243 335 287 409 tia
306 328 539 427 impressisset.
562 333 666 408 Idem
682 334 841 412 inculcat
857 331 1127 417 Guiancuttius.
1143 331 1214 412 oe:
1243 411 1245 416 ,

193 457 219 496 “
243 475 352 527 canus
375 453 522 527 tandem
549 455 645 530 hanc
678 446 760 540 tulit
787 450 1014 560 sententiam.
1062 452 1214 530 Domini
1252 531 1256 538 ,

192 574 219 614 “
241 595 319 646 non
349 567 430 644 sunt
460 571 500 644 in
521 569 565 644 ea
586 571 775 667 opinione,
798 590 839 646 ut
867 572 1057 656 vendatur¹
1073 573 1215 650 Notum
1276 672 1279 678 ,

194 693 221 730 ‘¹
246 689 523 766 Testamentum
551 711 699 786 propter
729 689 841 762 varias
882 692 1097 785 Lectiones,
1131 713 1214 788 quat
1299 675 1300 682 ἵ

195 813 225 848 “
248 811 344 908 dotti
370 809 496 885 Graece
517 806 683 886 homines
706 805 915 902 judicabant
942 807 1014 886 esse
1034 814 1217 889 annotati-

192 928 219 966 “
246 949 333 1004 ones
349 948 450 1004 extra
467 948 606 1008 textum
618 927 765 1002 additas.
813 928 929 1024 Instat
945 923 1157 1027 Stephanus,
1174 945 1215 1006 ut

187 1055 217 1094 “
242 1053 424 1150 Scriptum
437 1051 583 1147 aliquod
599 1051 644 1124 de
673 1043 851 1122 sententia
876 1041 978 1156 dent,
1003 1051 1212 1154 quod,Regi

191 1171 575 1265 “ostendat2m'1mq3
604 1170 642 1242 id
675 1190 866 1266 negarent,
903 1170 1042 1244 indicat
1069 1168 1107 1246 se
1119 1172 1216 1273 Regi
1299 1205 1300 1250 3

193 1303 220 1338 “
243 1298 448 1371 relaturum.
497 1289 673 1365 Postridie
701 1289 742 1360 in
761 1287 894 1362 Aulam
917 1287 1096 1384 profectus
1119 1293 1216 1392 Regi

192 1420 220 1456 “
244 1421 390 1494 Novum
405 1411 682 1486 Testamentum
697 1403 804 1481 offert
821 1427 945 1484 corant
962 1407 1216 1488 Cardinalibut

189 1549 216 1598 ε*
241 1545 276 1615 δι
292 1531 531 1628 Principibus.
579 1538 590 1565 ¹
609 1524 834 1600 Castellanus
851 1525 975 1601 mitior
989 1523 1114 1624 satius,
1131 1553 1217 1610 curn

192 1671 220 1712 ετ
247 1655 443 1752 stephanus
468 1651 523 1725 illi
554 1640 736 1723 recitasset
768 1646 931 1741 quinque
961 1647 1143 1746 articulos,
1172 1653 1216 1731 in

191 1785 220 1823 “
245 1799 397 1876 quorum
414 1765 685 1870 reprehensione
700 1761 737 1841 se
755 1761 942 1861 plusquam
962 1762 1114 1843 insulsos
1130 1795 1217 1870 pro⁴

104 1931 106 1937 ·
191 1902 220 1940 “
244 1897 422 1982 diderant,
445 1905 568 1963 narrat
584 1882 693 1980 Regi,
715 1881 980 1976 quidFacultas
996 1884 1217 1964 decreverat.

181 2019 217 2056 ·“
244 2013 406 2088 Obortut
417 2027 493 2080 turn
512 1997 621 2076 risus:
638 2019 710 2072 una
725 1996 798 2071 hacc
812 2020 884 2070 vox
897 1999 1076 2095 omnium,
1092 2001 1216 2098 impu·

189 2137 218 2174 “
241 2131 416 2217 dentiam,
430 2119 624 2210 inscitiam,
649 2117 905 2212 temeritatem,
918 2117 1071 2216 ineptias
1088 2119 1217 2218 d‘eniq3

188 2257 217 2296 “
243 2251 371 2324 horum
388 2268 466 2319 non
479 2235 550 2315 esse
566 2235 778 2312 tolerabiles.
828 2235 1031 2334 Stephanus
1048 2259 1093 2315 ex
1117 2239 1217 2324 Aulai

190 2375 217 2413 “
243 2361 399 2444 reversus
416 2363 565 2438 Novum
579 2352 853 2430 Testamentum
874 2357 1001 2432 venale
1016 2355 1184 2455 exposuit
1201 2386 1217 2439 a

190 2495 217 2530 “
244 2484 304 2562 sed
325 2507 369 2558 ex
393 2479 672 2574 Theologorum
698 2472 860 2548 manibus
877 2493 1034 2572 ereptus,
1056 2498 1105 2552 ne
1122 2499 1218 2554 con-

190 2613 218 2650 “
240 2624 381 2700 tempru
396 2624 457 2674 eor
470 2593 709 2692 exasperaret,
738 2591 876 2688 recepit
900 2587 937 2664 se
957 2592 1027 2665 illis
1048 2615 1216 2672 commu-

188 2727 213 2766 “
237 2724 456 2814 nicaturum,
481 2710 652 2814 quicquid
672 2708 822 2806 posthac
840 2704 927 2784 esset
940 2705 1181 2804 impressurus.

204 2965 242 3041 'rra
262 2964 309 3026 Da
319 2963 403 3024 Petro
415 2955 571 3018 Callellano
581 2951 778 3028 HStephanus
789 2943 954 3030 (Apologia.
965 2967 1026 3029 cap,
1040 2943 1093 3029 26)
1103 2947 1220 3032 ,φης

188 3029 267 3126 quod
281 3038 426 3119 postquam
440 3029 491 3096 sub
504 3032 644 3096 Francisci
657 3031 744 3106 Regis
764 3029 923 3103 patrocinio
945 3025 963 3088 l
985 3030 1121 3094 Sorbonoe
1141 3032 1223 3097 odio

160 3116 230 3188 ‘luit
257 3123 363 3184 timeus
387 3111 534 3191 Evangelii
558 3109 705 3170 veritatem
719 3103 855 3184 professus
881 3104 956 3177 esset,
980 3107 1107 3172 Heurito
1124 3103 1244 3189 Regev

188 3202 284 3280 postet
296 3192 482 3265 succedente,
494 3187 632 3264 opinione
653 3183 729 3264 (quae
739 3203 804 3246 tum
825 3187 908 3246 Aula
919 3184 1041 3249 minimi
1053 3207 1167 3269 accepta
1184 3209 1223 3250 e·

187 3279 244 3355 rar)
269 3263 388 3342 mutari,
422 3265 570 3328 Aureliam
584 3263 679 3337 (cujus
702 3283 793 3338 nuper
815 3261 1012 3339 Episcopatum
1033 3264 1223 3337 obtinuerat)

131 3413 134 3418 .
178 3355 298 3420 ¹uenerit
311 3379 319 3426 ς
331 3350 379 3412 ubi
394 3346 464 3406 dum
476 3363 527 3419 pro
539 3341 671 3420 suggestu
682 3339 931 3416 Religionemeui
954 3339 1072 3404 antehac
1089 3343 1224 3420 faverat,
1298 3357 1299 3423 ᾗ

185 3438 297 3498 sortirer
310 3440 495 3506 oppugnaret,
508 3419 666 3498 dysenteria
678 3431 822 3491 correptus
834 3418 945 3480 obierit.
983 3418 1029 3480 De
1040 3439 1075 3480 eo
1087 3421 1124 3484 fic
1138 3421 1224 3485 Scae·
1296 3487 1298 3504 Ι

183 3518 251 3572 vola
267 3503 495 3570 sammarthanus
512 3495 669 3573 inElogiit.
708 3491 819 3553 Aurelia
833 3493 914 3574 (cujus
931 3497 1106 3572 Pontificatum
1119 3497 1222 3571 ms.

96 3585 99 3588 .
185 3589 280 3662 gpnmss
313 3585 429 3642 abiistis
449 3571 600 3652 susceperas)
628 3577 696 3631 illst?
718 3577 908 3634 condonandum
928 3581 1054 3649 remum
1069 3573 1223 3658 sumsisti}

187 3672 240 3726 risu
250 3660 371 3745 percussus
379 3666 492 3718 animam
504 3657 533 3713 de
540 3672 615 3729 grege
620 3653 666 3728 sut
681 3653 869 3717 benemeritam
882 3662 933 3716 Du
952 3651 1073 3716 reddidit.

1088 3804 1220 3909 outae
1296 3875 1298 3898 ,
