2484 4474
227 153 311 238 ψ
481 127 635 216 Vtra
676 119 1022 214 HENRlCl

222 279 251 326 ὕ
276 267 482 374 gantillimo
511 292 670 348 centone
711 275 757 350 de
790 277 1072 359 Monachorum
1102 261 1223 385 origiue,¹

226 401 253 442 “
278 399 367 491 viti,
391 398 576 492 institutis,
598 395 782 473 sacrorum
809 395 1017 474 nostrorum
1036 405 1120 504 ritu,
1140 402 1201 480 &dt

227 515 258 586 5‘
282 514 419 588 Morbo
433 513 592 608 Gallico,
618 513 663 588 de
678 514 808 608 quibus
823 537 1011 610 nunquam
1040 520 1201 624 Virgilioit

227 635 321 712 “in
354 637 515 722 mentem
548 636 671 710 venire
703 636 852 732 potuit,
887 641 1122 722 concinnato
1154 643 1204 720 Ha

226 707 446 862 Theanus.
467 754 626 846 Interea,
649 777 736 850 pum
760 753 930 828 Patodias
957 760 1102 859 ederet,
1122 765 1204 841 Orat

227 856 308 946 rum
326 874 519 968 (Veterum
537 895 625 968 quon
656 868 693 946 se
711 855 829 948 ιιιιιιιὸ
857 879 1183 958 emendatiores
1142 907 1205 978 qum

225 995 344 1070 Aldus
370 988 519 1066 edidisse
544 986 708 1066 lcribit
698 1017 737 1070 un
766 993 1207 1080 Au1.Gell.N0a.tnu

182 1120 185 1128 ’
225 1134 266 1219 Ρ·
282 1108 444 1210 oliam
461 1104 630 1203 usquead
646 1133 728 1210 pag.
745 1135 805 1206 77.
832 1113 946 1205 (unae
962 1115 1006 1191 tn
1028 1119 1206 1204 Paternu-

225 1216 300 1306 ¹fert
317 1232 457 1323 mcum)
473 1229 688 1326 perduxerat
703 1229 884 1306 Henrieus
901 1234 1111 1316 editionem
1121 1271 1132 1336 ,·
1144 1263 1207 1336 quan

175 1381 177 1384 ·
227 1353 333 1448 hujus
346 1355 434 1430 anni
450 1355 531 1428 Cal.
547 1352 643 1452 Aug.
660 1352 800 1428 finitam
829 1349 1007 1450 inscripfit
1025 1343 1223 1438 Petronul

151 1535 155 1542 .
225 1453 875 1570 nououegtstneurnuugtunenn
893 1474 1120 1573 condiano,
1141 1475 1206 1572 ιριι

224 1610 337 1682 quem
354 1588 474 1660 civilia
500 1581 567 1660 suae
592 1589 718 1660 Patriae
742 1587 835 1660 bella
859 1587 1046 1686 deplorat,
1087 1590 1207 1690 queritir·

226 1727 299 1800 que
317 1705 453 1778 nullam
468 1703 663 1778 humanam
674 1703 922 1797 eloquentiam
937 1723 999 1779 aut
1014 1705 1204 1786 lolertiantl

223 1801 354 1926 pacem
371 1823 639 1898 conciliandam
652 1817 826 1918 prodeffe.
846 1837 854 1863 ¹
878 1821 1028 1898 Craffos
1046 1821 1205 1926 apertilpe

225 1948 268 2020 in
295 1943 432 2018 Aldino
446 1943 651 2016 'Oratorum
670 1940 866 2036 exemplari
884 1945 1100 2020 emendavit
1112 1966 1207 2037 eruin,

225 2063 357 2164 fluibus
372 2087 485 2138 novos
499 2063 711 2137 addiderunt
721 2063 900 2138 editiones
910 2062 1206 2162 Germanicaelquol

225 2183 264 2266 dt
280 2183 321 2252 in
340 2182 418 2254 aliis
432 2204 538 2255 antea
552 2182 650 2254 libris
666 2185 701 2253 dc
715 2204 815 2256 nunc
832 2183 873 2255 in
889 2181 1159 2284 Platone,quen
1177 2208 1209 2258 tx·

223 2297 392 2390 cudebat,
423 2295 706 2394 experiebatur),
733 2294 925 2394 presertim
955 2298 1158 2398 Basilicum,
1174 2325 1208 2376 tu·

223 2409 281 2507 jus
297 2417 550 2508 correctorem,
577 2417 640 2508 qui
657 2416 774 2512 flagris
800 2408 1078 2514 corrigeretur,
1104 2421 1209 2520 dignm

223 2535 375 2628 putavit.
423 2541 434 2566 ²
462 2535 553 2610 Uno
579 2535 777 2630 eodemque
815 2553 979 2632 tempore
1015 2539 1119 2632 (Cal.
1137 2535 1212 2634 Aug.)

223 2651 388 2752 vulgavit
403 2650 548 2726 Arriani
569 2652 613 2723 de
635 2649 831 2724 Alexandri
862 2654 1100 2748 expeditione
1127 2653 1210 2730 Hin

222 2773 295 2848 rias
317 2795 362 2844 cx
392 2768 488 2844 noval
519 2772 820 2864 interpretatione
847 2769 1030 2866 Vulcani,
1067 2778 1132 2869 qui
1157 2769 1211 2848 illul

224 2913 303 2966 non
330 2893 448 2970 vortit,
488 2889 587 2982 quod
622 2889 686 2986 de
719 2885 754 2962 se
802 2888 949 2964 testatur
990 2893 1151 2987 Pacius,
1177 2887 1213 2964 ld

221 3007 377 3111 {neuwen
400 3007 500 3098 Kinna
516 3007 669 3080 Thomae
684 3008 871 3109 Redigero
881 3008 1000 3084 Sileno
1014 3010 1159 3101 obtulit,
1177 3003 1212 3077 al·

218 3119 321 3217 jutus
335 3127 447 3198 veteri
467 3125 591 3198 codice
608 3122 934 3222 Constantinopoli
953 3125 997 3198 ad
1023 3125 1212 3222 stephano

222 3239 297 3314 und
314 3263 397 3314 cum
424 3239 635 3336 quibusdam
654 3242 857 3318 Aristotelis
887 3242 1118 3340 aliorumque
1147 3242 1212 3316 Gn

220 3383 349 3437 corum
365 3345 577 3456 scriptorum
599 3361 696 3434 libris
721 3355 850 3453 miff03
889 3361 1020 3457 inquo
1044 3365 1215 3456 (quiana

220 3475 385 3568 mutilus)
408 3478 615 3572 nonnullos,
642 3480 685 3552 de
716 3494 873 3570 quorum
903 3480 1114 3579 integritate
1144 3475 1217 3553 dubi·

217 3589 324 3712 tatic,
347 3597 469 3670 locos
460 3621 642 3673 incuratos
655 3619 780 3674 tamen
778 3593 971 3698 reliquit
994 3622 1113 3699 neque
1142 3595 1214 3672 eniu

213 3711 399 3820 ζΕρίιιοι.
434 3716 522 3794 up
516 3715 578 3783 stol
877 3727 879 3736 '

1126 3785 1219 3895 nudi
