2520 4468
241 229 319 334 278
493 223 651 310 Vtra
693 219 1034 308 HENRlcl

240 377 318 450 lent
345 372 502 446 latrones
537 369 651 445 exilio
684 369 857 444 damnati.
919 367 1130 442 Henricum
1162 368 1246 445 etiarn

214 486 364 564 ‘adiille
392 487 593 590 Augustam
622 489 897 566 Vindelicotum
928 485 1100 579 constat,
1141 487 1248 586 ¹quil

238 611 389 682 ibicum
416 605 588 682 defuneto
607 629 723 704 nuper
758 610 860 700 (cum
884 605 950 680 ista
977 601 1170 701 scriberet)
1198 609 1250 682 Ca·

242 725 321 800 rolo
339 725 551 800 Marilliaeo
577 723 728 800 Vienna
759 717 944 820 Episcopo
967 719 1158 819 Regisque
1185 725 1250 800 Gal·

125 843 127 848 ’
248 847 380 920 liarum
396 847 518 946 legato
534 842 570 922 se
588 839 794 939 wendile&
813 840 901 940 sape
915 843 1147 918 collocutum
1174 841 1250 921 fuille

247 965 408 1040 tolletur.
691 959 694 966 ’

296 1203 353 1275 Ex
382 1193 526 1272 Gallici
554 1193 616 1270 illl
654 1194 839 1296 Apologid
864 1194 941 1270 haec
971 1196 1106 1294 raptim
1125 1201 1251 1298 excerpi

246 1319 292 1391 ad
324 1316 479 1391 Henrici
521 1313 696 1410 Stephani
741 1337 806 1412 per
844 1315 1038 1412 praecipuas
1084 1317 1194 1392 Italia
1215 1343 1250 1391 ur·

246 1437 311 1508 bus
339 1432 676 1529 peregrinationem
710 1426 919 1528 spectantia.
981 1433 1137 1507 Librum
1166 1432 1250 1533 ipsun

247 1546 441 1650 perlegille
484 1551 547 1623 vix
586 1550 779 1648 poenitebit
814 1571 1051 1646 quemquam,
1101 1555 1164 1628 ubi
1186 1556 1249 1629 inu

244 1673 373 1768 multa,
399 1695 475 1768 quat
500 1667 611 1746 risum
637 1671 847 1758 movebunt,
861 1667 1037 1765 offendet,
1065 1677 1101 1746 δι
1125 1675 1250 1769 quaedo

246 1811 367 1864 ceant.
418 1785 633 1865 Meminerit
656 1789 807 1861 interim
844 1789 985 1884 lector,
1009 1791 1046 1863 id
1090 1788 1164 1866 elle
1187 1789 1250 1889 sape

247 1911 563 2011 peregrinatorum
581 1910 723 2000 vitium,
750 1931 789 1984 ut
807 1904 884 1983 suas
909 1933 1044 1984 merces
1075 1935 1148 2008 pro
1176 1936 1251 2010 mag·

250 2029 368 2106 trilicis
386 2027 553 2121 efferant,
594 2026 830 2121 studeamque
854 2028 1139 2105 admirationem
1170 2032 1249 2128 magi

248 2157 283 2226 δι
304 2153 528 2249 voluptatem
544 2171 667 2224 creare
685 2148 793 2244 quint
810 2149 940 2224 fidem:
975 2153 1250 2252 llenricumptt·

161 2270 163 2276 ’
250 2296 352 2348 terea
370 2269 473 2348 fuisse
505 2271 699 2370 capitalem
730 2269 952 2368 Papistarum
983 2267 1146 2367 hostem,
1169 2279 1197 2349 da
1217 2268 1259 2345 ni

249 2387 326 2462 felli
345 2381 555 2484 pepercisse,
583 2387 668 2460 dum
686 2411 746 2462 eos
769 2388 937 2460 omnium
959 2387 1130 2462 ludibriis
1151 2390 1249 2465 &odit

157 2586 163 2594 ,
225 2503 438 2598 objiceret.
503 2507 531 2542 “
557 2501 724 2576 Henrico
756 2501 942 2599 Stephano
969 2503 1135 2599 (inquit
1168 2506 1257 2580 21er

245 2625 274 2663 “
303 2617 399 2716 nig.)
424 2618 474 2692 nil
490 2617 653 2693 laborum
678 2617 779 2716 pejus
795 2617 907 2714 cellit,
932 2643 1041 2714 quam
1059 2620 1195 2720 scripta
1212 2641 1252 2720 pru

248 2741 281 2780 ‘f
302 2737 496 2812 Herodoto
531 2739 730 2838 Apologia.
791 2735 864 2812 Isto
897 2741 1032 2837 quippe
1056 2741 1159 2817 libro
1175 2767 1215 2838 qu

249 2861 276 2897 “
301 2857 504 2953 gravissime
539 2862 579 2936 in
613 2861 879 2935 cucullatorum
912 2862 1081 2936 ordinem
1120 2865 1223 2960 pec¹

251 2983 279 3020 “
304 2977 538 3078 judicaretur,
564 2983 707 3080 ignibus
723 2975 844 3052 *fuisset
867 2981 1099 3077 expiandus,
1128 2985 1217 3058 nisti

246 3101 270 3135 '‘
299 3102 452 3176 minenti
482 3100 700 3198 periculose
735 3098 960 3176 subduxiffct.
1013 3102 1224 3199 Stephanoi

243 3215 268 3256 '‘
295 3235 365 3310 que
406 3219 467 3292 fibi
495 3215 581 3318 fugi
617 3219 832 3298 consulente
874 3227 911 3298 dc
949 3226 990 3297 in
1031 3223 1172 3299 nivolis

283 3517 303 3574 ¹.-
318 3511 461 3588 Apologie
476 3509 563 3589 clap.
588 3524 630 3588 15,
656 3510 793 3584 &aede
821 3513 852 3573 in
866 3512 991 3590 Apolop.
1020 3513 1119 3577 Latin
1145 3529 1206 3574 ante

242 3589 340 3732 pppepp
352 3595 527 3750 pdgdypag'
544 3611 586 3666 tq.
626 3589 693 3664 {lu
713 3589 762 3654 sui
777 3589 911 3654 Biblioth.
925 3611 959 3653 ex
974 3589 1082 3676 Tullio
1097 3591 1139 3654 de
1170 3587 1228 3652 lost

1099 3829 1132 3870 ‘C
1156 3845 1198 3900 ve
