2604 4494
215 147 302 233 ST
327 146 359 230 E
379 141 470 228 PH
491 130 903 226 ANl-Sri'c'uirnrss
983 143 1067 256 '249'

44 307 70 350 “
88 325 159 380 rum
177 301 374 400 discipline
390 301 544 402 diligens
560 299 676 378 fuerat
686 331 700 396 ,·
726 299 827 408 cujus
853 305 894 377 in
911 299 1069 400 gravita-

44 427 71 468 “
89 446 122 502 te
132 419 331 522 modestia,
352 429 388 501 δι
403 428 493 503 mire
507 425 654 525 placens
675 426 843 521 omnibus
860 413 1068 514 affabilitas,

41 546 68 587 ‘⁸
85 520 123 619 in
139 539 247 658 cujus
264 541 475 643 frugalitate
503 545 713 639 liberalitas,
739 549 774 620 δι
790 547 830 620 in
851 543 1069 634 liberalitate

44 663 275 764 “frugalitas
300 669 382 768 (nist
399 691 511 765 quum
538 667 678 768 affliulie
706 668 833 743 dextra
846 666 1069 768 porrigenda

43 790 65 832 “
84 781 378 882 sublevandaque
399 791 527 890 inopia
554 784 662 884 esset)
693 791 735 862 in
762 771 862 886 cujus
891 781 1068 883 'facilitate

43 904 67 942 “
86 903 240 998 prudens
267 907 407 1002 cautio,
440 909 481 981 in
507 903 609 1003 cujus
636 907 796 1002 denique
821 907 1001 984 hilaritate
1031 911 1069 980 δε

43 1016 71 1056 “
88 1015 170 1115 jocis
186 1023 332 1118 aliquid
345 1021 429 1121 serii
449 1024 691 1100 cernebatur:
715 1026 756 1098 in
771 1022 872 1120 cujus
887 1026 993 1098 labris
1006 1025 1069 1098 Pi·

44 1140 69 1178 “
88 1139 148 1216 tho
165 1143 346 1218 tesrdebat
365 1170 375 1237 3
401 1127 503 1242 ,cujus
518 1145 651 1242 vultus,
675 1167 751 1236 tarn
761 1143 905 1226 serenus
916 1143 1071 1243 semper,

43 1257 67 1298 “
85 1283 151 1334 nec
167 1261 295 1350 minus
314 1259 424 1364 qurlm
442 1261 560 1340 sermo
576 1265 756 1364 benignus
769 1267 906 1362 aliquas
922 1261 1069 1363 persua-

45 1375 69 1416 “
89 1375 196 1452 dendi
217 1371 337 1477 partes
355 1381 515 1477 agebat,-
546 1401 630 1478 'quae
648 1379 669 1454 ὲ
686 1381 809 1456 liberis
824 1405 868 1456 ea
883 1379 975 1482 sape
991 1403 1070 1460 rer-

15 1503 16 1512 ’
44 1501 68 1543 “
87 1496 135 1571 bis
163 1497 404 1600 impetrabat,
438 1524 516 1597 quae
542 1503 620 1576 alia
640 1499 829 1598 pleraeque
861 1521 991 1576 matres
1019 1521 1070 1576 ne

45 1613 68 1654 “
87 1619 290 1696 verberibus
305 1623 636 1718 quidemobtinere
654 1645 810 1720 queunt:
854 1626 946 1720 Qua
960 1617 1074 1694 suerit

46 1753 82 1807 ea
94 1739 223 1814 mulier
235 1759 295 1815 tot
309 1745 498 1842 praeconiis
510 1743 885 1842 celebrata,incertum
899 1743 970 1835 est,
988 1741 1071 1837 qui-

47 1850 117 1927 dam
131 1858 190 1950 (ut
205 1856 307 1954 priris
319 1862 463 1956 monui)
479 1863 499 1939 ὲ
517 1859 713 1962 Scrimgeri
730 1875 864 1964 genere
872 1855 976 1935 fuisse
989 1855 1070 1952 opi-

46 1989 175 2049 nantur.
203 1977 370 2070 Quando
385 1979 419 2052 ei
434 1975 610 2080 nupserit,
628 1984 829 2076 incertius,-
857 1985 893 2055 &
907 1981 1070 2058 vixcon-

15 2177 16 2184 Ν
44 2082 172 2179 iectura
187 2089 457 2188 affequendum.
484 2105 571 2173 Eam
589 2095 766 2196 peperisse
791 2097 940 2173 ¹liberos
954 2097 1069 2176 Paulo

46 2203 217 2304 Stephano
229 2209 402 2312 seniores,
417 2223 452 2294 u
466 2219 568 2295 Pauli
587 2221 778 2318 pueritiam
796 2215 979 2314 educasse,
1003 2207 1076 2319 anss

46 2343 89 2399 tto
99 2327 257 2428 denique
275 2341 392 2428 '1568
408 2335 532 2413 obiisse
550 2337 635 2414 satis·
646 2340 803 2424 constat:
827 2339 957 2442 Paulus
970 2329 1070 2436 anno

52 2447 146 2542 1585.
172 2471 251 2543 quo
269 2455 279 2521 ἓ
294 2450 456 2530 Gellium
472 2461 581 2542 Pater
600 2459 645 2533 ad
662 2481 744 2534 eum
760 2459 863 2564 misit,
887 2481 1004 2550 annos
1020 2481 1065 2555 23

47 2577 113 2640 non
129 2568 250 2644 multo
268 2573 410 2650 videtur
425 2573 618 2680 superasse.
666 2577 786 2683 Annis
803 2578 952 2680 igitural
975 2567 1071 2675 1585

47 2682 221 2762 adrianis
245 2707 403 2768 mortem
421 2719 519 2773 retro
541 2701 752 2795 numeratis,
781 2695 999 2798 adjectoque
1026 2685 1074 2792 ad

47 2805 230 2884 minimum
249 2814 426 2916 triennio,
453 2841 528 2918 quo
544 2837 659 2928 mater
676 2817 751 2916 ejus'
767 2822 960 2918 pueritiam
983 2819 1073 2913 edu-

47 2925 146 3019 cavit,
172 2927 368 3026 alteroque
387 2931 507 3010 forsan
530 2937 708 3030 triennio,
742 2961 816 3036 quo
833 2937 964 3032 liberos
983 2955 1071 3010 natu

48 3040 194 3137 majores
211 3049 321 3140 enixa
350 3050 402 3159 est
414 3084 429 3145 ,·
471 3035 659 3130 uerisimile
689 3054 751 3130 fiet
776 3051 889 3130 nostri
916 3055 1074 3132 Henrici

47 3161 317 3238 matrimonium
334 3188 437 3243 anno
450 3177 570 3267 15600.
583 3151 795 3249 nonmultb
809 3171 908 3268 prius
923 3195 985 3248 aut
1002 3195 1073 3270 p07

46 3267 161 3347 sterius
178 3274 298 3356 suiffe.
868 3304 871 3317 “

78 3455 86 3481 ¹
108 3453 361 3540 cellinelaig.
375 3463 405 3522 8.
446 3469 458 3500 ⁸
485 3415 678 3532 Confomire.
691 3487 755 3548 pag.
776 3459 810 3533 τι
830 3474 894 3612 lesse
916 3465 1009 3546 postet
1034 3467 1070 3530 id

49 3547 108 3590 uto.
129 3535 219 3608 1566.
256 3543 267 3578 ³
281 3538 367 3628 ‘Lege
380 3541 548 3644 Epistola&
557 3547 653 3612 Gellio
666 3549 815 3627 praefiraor.

47 3607 99 3706 piri
112 3609 142 3673 Ρ.
155 3611 301 3710 Stephano.
887 3569 903 3610 e
925 3548 969 3612 hm
991 3547 1071 3691 plui!

960 3782 1073 3892 Anno
