2580 4478
238 145 421 239 STEP
443 149 486 237 H
507 155 540 237 A
560 148 639 238 Nl
668 135 926 238 Sacr‘r'rtnrss
1002 175 1086 258 4229

66 301 197 382 squidem
207 300 284 366 hauel
294 302 334 368 iti
346 300 399 368 effe
420 302 559 384 facile,in
573 303 657 370 unfit
671 301 822 381 prasertim
843 297 982 378 temporis
1000 319 1091 378 angu-
1136 305 1151 332 ²

67 405 127 478 silis,
157 404 339 482 spicilegium
364 402 425 482 poll
450 421 532 468 tuam
554 405 670 470 messem
701 407 733 468 in
770 425 805 465 eo
830 405 914 480 poeta
941 402 1090 480 colligere,

66 523 144 580 quern
157 504 281 578 molini,
306 501 470 566 nouissime
482 503 634 582 Stephane,
653 512 661 537 ¹
676 505 718 570 bis
731 501 843 565 summo
852 499 949 566 studio
972 499 999 560 u
1024 499 1092 560 dili·

65 599 156 679 gentis
172 605 344 667 emendatas.
384 603 587 670 Veruntamen
598 605 650 668 diu
669 603 829 675 remiseras,
847 622 938 679 quum
961 597 1091 660 viderem
1156 619 1161 630 ·

65 699 125 774 hoc,
144 703 220 780 quod
241 701 313 763 mihi
330 699 388 778 ipse
411 703 591 777 intriveram,
616 700 670 764 elle
681 700 755 763 mihi
775 699 976 760 exedendum:
1003 695 1093 771 coepi,

64 797 130 859 rium
149 797 285 861 adfinem
308 799 473 874 perducitur
500 801 562 864 hac
583 801 687 872 editio,
716 797 829 860 schedas
852 816 928 858 meas
947 794 1091 871 colligere,

64 889 180 970 inpuris
196 893 382 956 memineram
402 911 449 952 me
473 892 570 954 nescio
588 893 660 974 quid
672 895 704 958 in
717 894 805 964 hunc
819 912 942 972 poetam,
969 911 1002 955 ut
1015 895 1043 954 δι
1057 893 1091 956 in

67 989 129 1050 alios
142 989 291 1068 utriusque
304 989 425 1074 Lingua
453 989 580 1054 rusiores
603 1011 662 1052 non
689 1013 802 1068 paucos,
826 991 980 1070 aliquando
999 1011 1090 1052 anno·

64 1083 147 1146 tlsse:
167 1111 226 1154 non
240 1079 372 1166 quidem,
390 1089 429 1150 iti
441 1109 487 1149 me
497 1089 576 1153 Deus
588 1109 672 1162 amet,
694 1094 799 1154 ineam
818 1093 907 1170 spem,
931 1109 963 1154 ut
977 1091 1023 1151 illa
1036 1111 1092 1150 un·

63 1199 142 1262 quam
155 1191 317 1264 ederentur,
337 1189 386 1251 sed
409 1193 440 1252 in
464 1192 608 1267 privatum
629 1191 710 1255 usum
736 1197 843 1266 tne'prnr.
882 1196 921 1258 lis
939 1194 1027 1272 igitur
1041 1191 1090 1254 ad·

63 1284 145 1363 irtus,
160 1306 244 1368 atque
257 1293 367 1372 scriptis
380 1294 494 1355 duobus
506 1293 721 1370 exemplaribus,
751 1297 840 1358 altero
864 1292 1026 1364 Theocriti,
1051 1290 1090 1348 al·

63 1402 123 1449 tero
134 1386 303 1468 Scholiasta,
328 1415 393 1473 quae
404 1394 435 1454 in
449 1411 549 1454 manus
560 1411 637 1454 meas
648 1397 808 1471 opportuna
819 1413 885 1458 ante
904 1395 1013 1492 ¹aliquot
1026 1391 1086 1450 dies

65 1509 201 1568 venerant,
224 1513 294 1558 mox
309 1513 398 1571 pauca
414 1491 484 1565 haec,
510 1493 655 1570 partimin
666 1494 867 1566 Theocritum,
886 1493 987 1568 partim
1001 1491 1088 1552 eriam

64 1583 95 1650 in
107 1592 171 1654 alios
186 1597 344 1658 nonnullos
357 1595 494 1668 aussores,
514 1597 632 1658 exaravi.
665 1600 703 1659 Ea
730 1599 936 1676 qualiacunque
949 1594 1011 1682 sint,
1036 1612 1090 1652 vo·

65 1685 106 1745 lui
115 1685 162 1749 elle
175 1689 300 1751 amicita
317 1691 418 1755 nostrae
443 1690 650 1757 testimonium.
691 1695 773 1759 Vale.
795 1719 830 1760 ex
855 1691 959 1756 Masso
980 1690 1086 1754 nolito.

67 1785 142 1848 ald.
157 1790 236 1868 Aug.
257 1791 340 1866 1584.

107 1955 246 2038 isaacus
261 1962 499 2044 casaubonus
516 1970 721 2048 Henricutn
740 1970 963 2070 Stephanum
994 1965 1088 2039 tanti

66 2077 260 2180 aestimavit,
286 2109 326 2162 ut
341 2093 452 2166 amici
469 2095 619 2168 nomine
650 2099 863 2190 neutiquam
894 2113 1088 2170 contentus

64 2199 199 2274 arhiori
218 2201 342 2301 postea
373 2214 387 2280 ἶ
412 2207 596 2286 affinitatis
624 2213 770 2290 vinculo
787 2213 819 2288 ei
839 2207 876 2288 se
902 2201 1087 2286 deiincire

66 2320 224 2398 voluerit.

110 2515 223 2592 Anno
246 2525 353 2619 1585⁰
370 2522 569 2622 Stephanus
595 2536 776 2628 (quamvis
806 2531 883 2630 ipse
916 2555 994 2607 non
1028 2551 1090 2602 cx.

63 2640 216 2734 cuderir)
243 2642 328 2717 Auli
348 2647 463 2724 Gellii
494 2660 504 2694 ³
533 2654 717 2750 primurn,
753 2659 885 2732 deinde
903 2645 1089 2729 Macrobii

63 2750 326 2850 irnprclfionem
345 2765 483 2838 Parisiis
500 2769 631 2844 codem
649 2774 758 2846 modo
775 2769 1088 2870 &apudeundenr'

68 2873 359 2977 Typographum
380 2893 599 2982 procuravit.
651 2900 732 2972 ’Ei
762 2900 803 2972 in
828 2898 953 2970 animo
971 2891 1089 2966 fuerat

64 2997 146 3074 duos
163 2999 274 3076 hosce
291 3002 481 3102 scriptores
504 3017 678 3106 (quorum
697 3011 826 3112 scripta
848 3017 888 3088 in
910 3007 1090 3111 plerisque

64 3115 146 3193 locis
159 3119 363 3220 sociantur)
375 3129 415 3202 in
429 3127 507 3230 ipss
523 3135 633 3236 etianp
652 3135 881 3234 impreffionc
896 3165 908 3198 ⁴
923 3131 1064 3208 sociare
1080 3160 1095 3224 ‚·

71 3378 79 3394 ·
105 3305 213 3397 'Anno
231 3311 312 3380 1566.
323 3309 397 3372 inter
405 3313 519 3377 Heroic.
540 3319 617 3380 Poet.
632 3317 748 3382 &anno
765 3339 848 3397 1579.
880 3328 894 3356 ²
908 3319 952 3380 De
965 3319 1020 3397 qua
1045 3315 1093 3376 de·

71 3403 164 3458 roceps
179 3385 292 3476 dchetur
302 3388 398 3449 inviti
413 3393 562 3456 Florentia
576 3397 694 3460 Henrici
714 3401 788 3461 filiae.
811 3407 820 3442 ³
834 3399 950 3478 Epistol.
964 3397 1091 3456 Macrob.

66 3466 77 3498 ⁴
89 3459 166 3557 Pras.
179 3461 298 3554 Eprslet.
310 3467 407 3530 Oxon.
423 3477 504 3544 1670.
530 3476 644 3538 Arcano
654 3479 778 3556 quodam
789 3478 898 3540 soedere
910 3493 1016 3536 naturae
1030 3494 1091 3533 non

67 3539 150 3598 modo
164 3543 295 3632 homrnes
316 3545 363 3606 sed
387 3548 415 3608 δι
436 3547 539 3628 scripte
560 3551 610 3616 srbi
628 3557 754 3618 invicem
767 3557 916 3619 conciliari
931 3551 1095 3623 cernimur;

66 3631 115 3752 {rote
129 3617 205 3708 afleo·
228 3617 419 3688 Librariorunr
442 3628 563 3695 vinculis
585 3631 672 3709 quam
688 3637 865 3716 amplexibus
884 3633 940 3696 suis
964 3633 1041 3694 uniti
1064 3631 1093 3692 &

97 3713 217 3774 mptngr.

80 3941 85 3974 l
