2592 4480
241 189 642 287 STEPHANI
671 200 934 295 Ssfiulr'nr}
1015 223 1133 322 349*

59 353 120 420 dm
153 344 289 424 horum
323 345 584 448 opusculorum·
622 352 754 430 Latina
782 357 1123 456 interpretatione

59 463 176 544 Bauli
210 469 312 544 enim
339 471 682 570 Trapezuntianam
707 475 905 554 versionem
930 483 1096 578 (quata-

61 609 147 662 men
162 587 200 661 ei
218 591 263 664 ad
280 611 492 688 germanam
509 593 705 670 ledionem
723 597 920 674 eruendam
935 599 1095 698 profuit)

60 707 258 781 emendare
272 709 410 784 inutilis
425 707 547 788 fuisset
563 712 674 788 labor.
725 714 794 788 His
807 703 976 814 adjunxit
988 724 1096 796 Phte·
1119 713 1122 718 ’

58 819 156 896 badii
194 849 325 904 contra
362 830 726 909 Arrianos'libellum
741 895 754 932 ,
798 861 906 936 quern
938 843 984 915 ad
1009 863 1095 918 eum

60 939 101 1013 Ρ.
116 939 279 1022 Pithoeus
296 951 336 1024 in
352 943 530 1025 Germani
552 952 766 1046 Colladonii
794 957 1014 1036 bibliotheca
1032 983 1096 1033 ve·
1167 971 1170 978 '

63 1083 168 1138 natus
186 1069 378 1146 detulerat.
428 1059 624 1166 Henricus,
648 1073 735 1146 dum
752 1061 791 1149 in
803 1077 986 1155 Plutarchi
1014 1101 1096 1177 par·

63 1195 129 1268 tim
151 1195 322 1288 operibus
346 1192 597 1292 promovendis
614 1197 748 1292 partim
775 1197 816 1272 in
842 1203 851 1230 ¹
877 1197 1095 1279 absolvenda

62 1309 246 1386 Herodoti
263 1309 381 1386 Grati
399 1309 561 1384 editione
587 1314 715 1404 (quam
742 1314 943 1390 Laertianae
956 1313 1093 1395 sociam

64 1427 297 1529 promiserat)
321 1453 533 1530 occupatur,
564 1453 739 1528 quantum
755 1433 823 1508 otii
839 1430 1004 1512 suffurari
1024 1463 1093 1536 po-

64 1553 144 1646 tuit,
180 1555 341 1648 Laertio,
375 1551 725 1654 cujusBasrleensem
744 1556 943 1632 editionem
958 1567 1092 1660 partim
1156 1625 1157 1630 a

65 1657 137 1772 ipse
161 1677 295 1772 partim
313 1677 497 1750 Henricus·
518 1674 741 1774 Serimgerus
769 1677 933 1774 alterque
953 1683 1094 1762 Henri-

65 1821 122 1872 eus
153 1819 359 1899 anonymus
386 1821 467 1873 cum
507 1797 611 1888 variis
639 1798 903 1893 exemplaribus
930 1809 1091 1902 antiquis

16 1932 20 1942 ’
65 1911 307 2012 contulerant
332 1918 428 1994 notis
458 1903 624 1991 brevibus
656 1918 867 1991 adornando
895 1921 1091 2024 impendit,

67 2059 187 2130 quem·
204 2036 289 2112 curn
324 2037 637 2138 Pythagoreorum
659 2033 870 2136 fragmentis
899 2037 1029 2146 Graue
1052 2047 1091 2116 dt

68 2155 193 2230 Latine
226 2151 370 2230 seorfim
396 2153 730 2250 excusum'Joanni
756 2153 910 2229 cratoni
939 2147 1089 2232 Calatis

66 2275 299 2372 Consrliario,
315 2299 530 2378 perpetuum
550 2277 721 2352 amicitiae
737 2277 882 2376 pignus,
907 2277 1000 2350 misit
1013 2279 1090 2357 una

65 2416 145 2470 cum
169 2399 366 2475 Herodoto
395 2397 553 2473 Graeeo:
577 2401 591 2430 ²
616 2397 695 2492 qui,
728 2397 889 2490 quamtis
920 2418 1005 2469 anre
1021 2421 1089 2473 no-

64 2529 141 2590 vem
170 2537 233 2589 aut
251 2513 379 2590 decern
393 2511 531 2589 menses
548 2513 710 2588 ultimam
728 2513 780 2586 illi
799 2536 949 2589 manum
969 2537 1089 2611 operae

64 2631 325 2731 inposuissent,
335 2637 507 2711 comitem
522 2633 750 2714 Thesaurum
762 2637 972 2732 expediebat
986 2635 1089 2712 Grat-

65 2780 159 2850 eum,
189 2760 249 2832 cui
265 2760 309 2832 ad
327 2759 491 2832 ultimam
508 2758 593 2832 lieet
625 2756 821 2852 Alphabeti
834 2755 977 2828 literam
1005 2779 1089 2852 per-

29 2915 31 2924 ,
65 2874 168 2947 duero
193 2877 309 2950 multa
324 2897 544 2950 tamencum
561 2862 860 2966 adhucdeellent,
886 2871 1093 2985 Stephanus

65 2993 208 3069 ulterius
229 2995 348 3069 noluit
376 2991 477 3068 suum
493 2989 724 3068 Herodotum
757 2993 888 3074 morari
906 3021 919 3084 3
948 2999 958 3036 ³
976 3015 1087 3088 quem

67 3111 303 3190 lonismorum
319 3111 547 3190 Gallicorum
559 3110 771 3213 spicilegio,
787 3119 822 3188 dr
840 3111 991 3208 Gratis,
1008 3139 1087 3210 quae
1128 3119 1132 3126 '

66 3253 177 3330 nuper
194 3235 360 3332 equitans
375 3235 416 3308 in
447 3235 552 3309 illurn
580 3229 729 3329 luserat,
768 3235 1086 3334 epigrammatibus
1155 3317 1158 3326 Ι

68 3373 242 3446 ornatum,
256 3353 447 3448 Joaehimi
462 3353 664 3428 Camerarii
687 3353 955 3453 prolegomenis
970 3353 1008 3439 &j
1019 3375 1085 3427 vo-

37 3523 41 3534 .
68 3487 147 3540 eum
163 3469 373 3563 Ionicarum
400 3471 485 3546 huic
507 3471 667 3546 Authori
688 3494 770 3548 eum
788 3473 957 3570 Homero
984 3493 1085 3548 com·

74 3710 78 3717 .
110 3627 216 3743 'Epin
229 3663 265 3728 ad
280 3667 400 3732 Crat&
424 3667 535 3732 Ledor.
545 3685 611 3731 ante
625 3669 719 3732 [sert.
758 3675 773 3702 ²
791 3661 873 3750 upiuss
898 3667 1086 3748 antelllrtod.

73 3757 147 3818 1570.
184 3753 195 3820 Ξ
214 3747 287 3810 ibid.
305 3747 416 3826 Epistol.
430 3748 530 3812 Dedit.
546 3747 728 3848 &adbleden

918 3828 1082 3922 maenium
