<?xml version="1.0" encoding="UTF-8"?>
<!DOCTYPE html PUBLIC "-//W3C//DTD XHTML 1.0 Transitional//EN"
    "http://www.w3.org/TR/xhtml1/DTD/xhtml1-transitional.dtd">
<html xmlns="http://www.w3.org/1999/xhtml" xml:lang="en" lang="en">
 <head>
  <title>
</title>
<meta http-equiv="Content-Type" content="text/html;charset=utf-8" />
  <meta name='ocr-system' content='tesseract 3.04.00' />
  <meta name='ocr-capabilities' content='ocr_page ocr_carea ocr_par ocr_line ocrx_word'/>
</head>
<body>
  <div class='ocr_page' id='page_1' title='image "./stephanorumhist00maitgoog_0388.png"; bbox 0 0 2484 4474; ppageno 0'>
   <div class='ocr_carea' id='block_1_1' title="bbox 221 217 1217 610">
    <p class='ocr_par' dir='ltr' id='par_1_1' title="bbox 221 217 1217 610">
     <span class='ocr_line' id='line_1_1' title="bbox 244 217 1030 370; baseline -0.019 -31"><span class='ocrx_word' id='word_1_1' title='bbox 244 217 326 370; x_wconf 39' lang='lat'>352</span> <span class='ocrx_word' id='word_1_2' title='bbox 493 243 653 347; x_wconf 72' lang='lat' dir='ltr'>Vtra</span> <span class='ocrx_word' id='word_1_3' title='bbox 692 227 1030 346; x_wconf 83' lang='lat' dir='ltr'>HENRICI</span> 
     </span>
     <span class='ocr_line' id='line_1_2' title="bbox 221 379 1217 494; baseline -0.013 -27"><span class='ocrx_word' id='word_1_4' title='bbox 221 379 272 430; x_wconf 72' lang='lat'>&#39;“</span> <span class='ocrx_word' id='word_1_5' title='bbox 296 393 445 468; x_wconf 91' lang='lat' dir='ltr'>nomine</span> <span class='ocrx_word' id='word_1_6' title='bbox 478 389 693 494; x_wconf 86' lang='lat' dir='ltr'>fungentem</span> <span class='ocrx_word' id='word_1_7' title='bbox 713 389 836 463; x_wconf 86' lang='lat' dir='ltr'>videre</span> <span class='ocrx_word' id='word_1_8' title='bbox 868 385 1065 486; x_wconf 79' lang='lat' dir='ltr'>contigit3</span> <span class='ocrx_word' id='word_1_9' title='bbox 1092 379 1217 479; x_wconf 80' lang='lat' dir='ltr'>eujulr·</span> 
     </span>
     <span class='ocr_line' id='line_1_3' title="bbox 240 505 1217 610; baseline -0.015 -23"><span class='ocrx_word' id='word_1_10' title='bbox 240 513 270 551; x_wconf 85' lang='lat'><strong><em>“</em></strong></span> <span class='ocrx_word' id='word_1_11' title='bbox 293 534 438 586; x_wconf 87' lang='lat' dir='ltr'>manam</span> <span class='ocrx_word' id='word_1_12' title='bbox 464 511 587 581; x_wconf 66' lang='lat' dir='ltr'>marla</span> <span class='ocrx_word' id='word_1_13' title='bbox 608 511 675 586; x_wconf 78' lang='lat' dir='ltr'>stre</span> <span class='ocrx_word' id='word_1_14' title='bbox 708 507 971 610; x_wconf 86' lang='lat' dir='ltr'>humanitatem</span> <span class='ocrx_word' id='word_1_15' title='bbox 983 505 1157 577; x_wconf 61' lang='lat' dir='ltr'>landrum</span> <span class='ocrx_word' id='word_1_16' title='bbox 1177 525 1217 574; x_wconf 89' lang='lat' dir='ltr'>nr·</span> 
     </span>
    </p>
   </div>
   <div class='ocr_carea' id='block_1_2' title="bbox 183 627 1229 3351">
    <p class='ocr_par' dir='ltr' id='par_1_2' title="bbox 183 627 1229 3351">
     <span class='ocr_line' id='line_1_4' title="bbox 241 627 1216 730; baseline -0.01 -24"><span class='ocrx_word' id='word_1_17' title='bbox 241 632 264 668; x_wconf 75' lang='lat'>‘⁸</span> <span class='ocrx_word' id='word_1_18' title='bbox 289 637 390 710; x_wconf 84' lang='lat' dir='ltr'>ximo</span> <span class='ocrx_word' id='word_1_19' title='bbox 428 660 552 710; x_wconf 87' lang='lat' dir='ltr'>amore</span> <span class='ocrx_word' id='word_1_20' title='bbox 583 631 793 730; x_wconf 83' lang='lat' dir='ltr'>complexus</span> <span class='ocrx_word' id='word_1_21' title='bbox 829 627 881 703; x_wconf 83' lang='lat' dir='ltr'>est</span> <span class='ocrx_word' id='word_1_22' title='bbox 894 660 908 722; x_wconf 85' lang='lat'>,-</span> <span class='ocrx_word' id='word_1_23' title='bbox 938 629 1128 726; x_wconf 81' lang='lat' dir='ltr'>&#39;eumque</span> <span class='ocrx_word' id='word_1_24' title='bbox 1150 629 1178 699; x_wconf 87' lang='lat' dir='ltr'>ab</span> <span class='ocrx_word' id='word_1_25' title='bbox 1195 647 1216 696; x_wconf 86' lang='lat' dir='ltr'>rr</span> 
     </span>
     <span class='ocr_line' id='line_1_5' title="bbox 241 749 1218 852; baseline -0.012 -23"><span class='ocrx_word' id='word_1_26' title='bbox 241 757 272 794; x_wconf 87' lang='lat'><strong><em>“</em></strong></span> <span class='ocrx_word' id='word_1_27' title='bbox 297 777 465 852; x_wconf 86' lang='lat' dir='ltr'>tempore</span> <span class='ocrx_word' id='word_1_28' title='bbox 482 759 521 829; x_wconf 90' lang='lat' dir='ltr'>in</span> <span class='ocrx_word' id='word_1_29' title='bbox 545 756 659 828; x_wconf 88' lang='lat' dir='ltr'>oculis</span> <span class='ocrx_word' id='word_1_30' title='bbox 687 749 826 852; x_wconf 84' lang='lat' dir='ltr'>gestare</span> <span class='ocrx_word' id='word_1_31' title='bbox 843 773 921 824; x_wconf 93' lang='lat' dir='ltr'>non</span> <span class='ocrx_word' id='word_1_32' title='bbox 949 749 1108 826; x_wconf 76' lang='lat' dir='ltr'>deflerit.</span> <span class='ocrx_word' id='word_1_33' title='bbox 1149 750 1218 840; x_wconf 81' lang='lat' dir='ltr'>Atqu</span> 
     </span>
     <span class='ocr_line' id='line_1_6' title="bbox 243 865 1218 964; baseline -0.013 -18"><span class='ocrx_word' id='word_1_34' title='bbox 243 875 272 912; x_wconf 88' lang='lat'><strong>“</strong></span> <span class='ocrx_word' id='word_1_35' title='bbox 297 871 368 946; x_wconf 89' lang='lat' dir='ltr'>hoc</span> <span class='ocrx_word' id='word_1_36' title='bbox 385 876 423 947; x_wconf 90' lang='lat' dir='ltr'>in</span> <span class='ocrx_word' id='word_1_37' title='bbox 437 869 539 950; x_wconf 69' lang='lat' dir='ltr'>causi</span> <span class='ocrx_word' id='word_1_38' title='bbox 561 869 643 964; x_wconf 88' lang='lat' dir='ltr'>suit,</span> <span class='ocrx_word' id='word_1_39' title='bbox 670 893 747 962; x_wconf 86' lang='lat' dir='ltr'>cur,</span> <span class='ocrx_word' id='word_1_40' title='bbox 775 879 911 963; x_wconf 90' lang='lat' dir='ltr'>quum¹</span> <span class='ocrx_word' id='word_1_41' title='bbox 936 871 1100 964; x_wconf 82' lang='lat' dir='ltr'>negotio</span> <span class='ocrx_word' id='word_1_42' title='bbox 1114 865 1164 942; x_wconf 88' lang='lat' dir='ltr'>suo</span> <span class='ocrx_word' id='word_1_43' title='bbox 1179 885 1218 936; x_wconf 86' lang='lat' dir='ltr'>ron</span> 
     </span>
     <span class='ocr_line' id='line_1_7' title="bbox 242 983 1217 1088; baseline -0.008 -26"><span class='ocrx_word' id='word_1_44' title='bbox 242 991 268 1028; x_wconf 75' lang='lat'>‘²</span> <span class='ocrx_word' id='word_1_45' title='bbox 292 987 410 1066; x_wconf 78' lang='lat' dir='ltr'>solum</span> <span class='ocrx_word' id='word_1_46' title='bbox 436 989 573 1066; x_wconf 69' lang='lat' dir='ltr'>infeelo</span> <span class='ocrx_word' id='word_1_47' title='bbox 595 989 658 1078; x_wconf 85' lang='lat' dir='ltr'>sed</span> <span class='ocrx_word' id='word_1_48' title='bbox 684 988 945 1088; x_wconf 83' lang='lat' dir='ltr'><strong>propemodum</strong></span> <span class='ocrx_word' id='word_1_49' title='bbox 963 991 1153 1086; x_wconf 88' lang='lat' dir='ltr'>deplorato</span> <span class='ocrx_word' id='word_1_50' title='bbox 1170 983 1217 1056; x_wconf 83' lang='lat' dir='ltr'>reli·</span> 
     </span>
     <span class='ocr_line' id='line_1_8' title="bbox 244 1108 1217 1208; baseline -0.011 -22"><span class='ocrx_word' id='word_1_51' title='bbox 244 1113 277 1151; x_wconf 87' lang='lat'><strong>“</strong></span> <span class='ocrx_word' id='word_1_52' title='bbox 300 1136 355 1187; x_wconf 90' lang='lat' dir='ltr'>ret</span> <span class='ocrx_word' id='word_1_53' title='bbox 381 1114 487 1208; x_wconf 71' lang='lat' dir='ltr'>(licet</span> <span class='ocrx_word' id='word_1_54' title='bbox 514 1113 789 1188; x_wconf 84' lang='lat' dir='ltr'>Maximilianus</span> <span class='ocrx_word' id='word_1_55' title='bbox 819 1108 956 1204; x_wconf 86' lang='lat' dir='ltr'>Caesar,</span> <span class='ocrx_word' id='word_1_56' title='bbox 993 1111 1217 1206; x_wconf 84' lang='lat' dir='ltr'>quitantiam</span> 
     </span>
     <span class='ocr_line' id='line_1_9' title="bbox 243 1217 1219 1326; baseline -0.005 -20"><span class='ocrx_word' id='word_1_57' title='bbox 243 1233 270 1270; x_wconf 67' lang='lat'>‘³</span> <span class='ocrx_word' id='word_1_58' title='bbox 296 1235 423 1326; x_wconf 89' lang='lat' dir='ltr'>quanti</span> <span class='ocrx_word' id='word_1_59' title='bbox 442 1233 610 1308; x_wconf 86' lang='lat' dir='ltr'>Graecum</span> <span class='ocrx_word' id='word_1_60' title='bbox 627 1227 702 1325; x_wconf 87' lang='lat' dir='ltr'>ejus</span> <span class='ocrx_word' id='word_1_61' title='bbox 729 1225 958 1304; x_wconf 88' lang='lat' dir='ltr'>Thesaurum</span> <span class='ocrx_word' id='word_1_62' title='bbox 978 1231 1103 1304; x_wconf 79' lang='lat' dir='ltr'>multo</span> <span class='ocrx_word' id='word_1_63' title='bbox 1122 1249 1184 1304; x_wconf 86' lang='lat' dir='ltr'>anre</span> <span class='ocrx_word' id='word_1_64' title='bbox 1197 1217 1219 1294; x_wconf 78' lang='lat' dir='ltr'>ll</span> 
     </span>
     <span class='ocr_line' id='line_1_10' title="bbox 243 1345 1217 1446; baseline -0.008 -24"><span class='ocrx_word' id='word_1_65' title='bbox 243 1356 265 1389; x_wconf 78' lang='lat'>‘⁴</span> <span class='ocrx_word' id='word_1_66' title='bbox 292 1349 328 1422; x_wconf 89' lang='lat' dir='ltr'>se</span> <span class='ocrx_word' id='word_1_67' title='bbox 352 1348 509 1446; x_wconf 86' lang='lat' dir='ltr'>missum,</span> <span class='ocrx_word' id='word_1_68' title='bbox 540 1349 727 1438; x_wconf 74' lang='lat' dir='ltr'>faciebat,</span> <span class='ocrx_word' id='word_1_69' title='bbox 764 1345 863 1420; x_wconf 84' lang='lat' dir='ltr'>suam</span> <span class='ocrx_word' id='word_1_70' title='bbox 891 1349 1007 1422; x_wconf 86' lang='lat' dir='ltr'>modis</span> <span class='ocrx_word' id='word_1_71' title='bbox 1024 1351 1217 1424; x_wconf 80' lang='lat' dir='ltr'>omniburau</span> 
     </span>
     <span class='ocr_line' id='line_1_11' title="bbox 243 1461 1217 1568; baseline -0.008 -26"><span class='ocrx_word' id='word_1_72' title='bbox 243 1473 271 1513; x_wconf 76' lang='lat'>‘⁸</span> <span class='ocrx_word' id='word_1_73' title='bbox 297 1472 482 1545; x_wconf 84' lang='lat' dir='ltr'>toritatem</span> <span class='ocrx_word' id='word_1_74' title='bbox 505 1463 805 1564; x_wconf 87' lang='lat' dir='ltr'>interposuisset)</span> <span class='ocrx_word' id='word_1_75' title='bbox 848 1471 884 1540; x_wconf 85' lang='lat'>&amp;</span> <span class='ocrx_word' id='word_1_76' title='bbox 910 1468 1045 1542; x_wconf 87' lang='lat' dir='ltr'>aedibus</span> <span class='ocrx_word' id='word_1_77' title='bbox 1079 1461 1217 1568; x_wconf 81' lang='lat' dir='ltr'>appropin-</span> 
     </span>
     <span class='ocr_line' id='line_1_12' title="bbox 244 1577 1215 1680; baseline -0.002 -23"><span class='ocrx_word' id='word_1_78' title='bbox 244 1588 427 1680; x_wconf 92' lang='lat' dir='ltr'>“quanti</span> <span class='ocrx_word' id='word_1_79' title='bbox 460 1589 549 1662; x_wconf 91' lang='lat' dir='ltr'>illud</span> <span class='ocrx_word' id='word_1_80' title='bbox 579 1587 822 1662; x_wconf 87' lang='lat' dir='ltr'>Homericum</span> <span class='ocrx_word' id='word_1_81' title='bbox 847 1587 888 1658; x_wconf 90' lang='lat' dir='ltr'>in</span> <span class='ocrx_word' id='word_1_82' title='bbox 917 1609 1086 1663; x_wconf 85' lang='lat' dir='ltr'><strong>mentem</strong></span> <span class='ocrx_word' id='word_1_83' title='bbox 1118 1577 1215 1661; x_wconf 78' lang='lat' dir='ltr'>renisu</span> 
     </span>
     <span class='ocr_line' id='line_1_13' title="bbox 244 1706 1216 1808; baseline -0.005 -26"><span class='ocrx_word' id='word_1_84' title='bbox 244 1711 344 1808; x_wconf 80' lang='lat' dir='ltr'><em>Turpe</em></span> <span class='ocrx_word' id='word_1_85' title='bbox 378 1738 498 1784; x_wconf 87' lang='lat' dir='ltr'>moram</span> <span class='ocrx_word' id='word_1_86' title='bbox 527 1739 667 1784; x_wconf 79' lang='lat' dir='ltr'>vacuum</span> <span class='ocrx_word' id='word_1_87' title='bbox 700 1711 764 1806; x_wconf 78' lang='lat' dir='ltr'>post</span> <span class='ocrx_word' id='word_1_88' title='bbox 781 1706 906 1807; x_wconf 85' lang='lat' dir='ltr'>longam</span> <span class='ocrx_word' id='word_1_89' title='bbox 945 1707 993 1779; x_wconf 80' lang='lat' dir='ltr'>ad</span> <span class='ocrx_word' id='word_1_90' title='bbox 1027 1711 1117 1784; x_wconf 61' lang='lat' dir='ltr'>terta</span> <span class='ocrx_word' id='word_1_91' title='bbox 1146 1707 1216 1779; x_wconf 63' lang='lat' dir='ltr'>rivell</span> 
     </span>
     <span class='ocr_line' id='line_1_14' title="bbox 244 1819 1216 1920; baseline -0.005 -23"><span class='ocrx_word' id='word_1_92' title='bbox 244 1829 268 1864; x_wconf 92' lang='lat'><strong>“</strong></span> <span class='ocrx_word' id='word_1_93' title='bbox 294 1819 330 1898; x_wconf 91' lang='lat' dir='ltr'>se</span> <span class='ocrx_word' id='word_1_94' title='bbox 348 1825 390 1904; x_wconf 75' lang='lat' dir='ltr'>el</span> <span class='ocrx_word' id='word_1_95' title='bbox 423 1821 596 1900; x_wconf 79' lang='lat' dir='ltr'>solaretur</span> <span class='ocrx_word' id='word_1_96' title='bbox 624 1825 866 1920; x_wconf 85' lang='lat' dir='ltr'>cogitatione,</span> <span class='ocrx_word' id='word_1_97' title='bbox 894 1823 994 1918; x_wconf 79' lang='lat' dir='ltr'>quod</span> <span class='ocrx_word' id='word_1_98' title='bbox 1020 1845 1080 1899; x_wconf 91' lang='lat' dir='ltr'>tot</span> <span class='ocrx_word' id='word_1_99' title='bbox 1110 1819 1216 1900; x_wconf 74' lang='lat' dir='ltr'>amicitiis</span> 
     </span>
     <span class='ocr_line' id='line_1_15' title="bbox 235 1941 1215 2041; baseline 0 -25"><span class='ocrx_word' id='word_1_100' title='bbox 235 1945 270 2030; x_wconf 60' lang='lat'>‚“</span> <span class='ocrx_word' id='word_1_101' title='bbox 295 1943 399 2016; x_wconf 89' lang='lat' dir='ltr'>novis</span> <span class='ocrx_word' id='word_1_102' title='bbox 412 2000 425 2036; x_wconf 86' lang='lat'><strong>,</strong></span> <span class='ocrx_word' id='word_1_103' title='bbox 467 1941 662 2041; x_wconf 80' lang='lat' dir='ltr'>praesertim</span> <span class='ocrx_word' id='word_1_104' title='bbox 691 1943 849 2015; x_wconf 88' lang='lat' dir='ltr'>chobii</span> <span class='ocrx_word' id='word_1_105' title='bbox 874 1943 967 2016; x_wconf 90' lang='lat' dir='ltr'>tanti</span> <span class='ocrx_word' id='word_1_106' title='bbox 998 1945 1100 2039; x_wconf 88' lang='lat' dir='ltr'>viri,</span> <span class='ocrx_word' id='word_1_107' title='bbox 1125 1947 1160 2018; x_wconf 88' lang='lat' dir='ltr'>de</span> <span class='ocrx_word' id='word_1_108' title='bbox 1177 1958 1215 2034; x_wconf 75' lang='lat' dir='ltr'>qu</span> 
     </span>
     <span class='ocr_line' id='line_1_16' title="bbox 240 2063 1216 2164; baseline -0.005 -30"><span class='ocrx_word' id='word_1_109' title='bbox 240 2071 265 2108; x_wconf 79' lang='lat'>‘⁸</span> <span class='ocrx_word' id='word_1_110' title='bbox 292 2063 492 2136; x_wconf 87' lang='lat' dir='ltr'>Henricum</span> <span class='ocrx_word' id='word_1_111' title='bbox 513 2064 759 2164; x_wconf 80' lang='lat' dir='ltr'>Scrimgrrum</span> <span class='ocrx_word' id='word_1_112' title='bbox 788 2070 861 2138; x_wconf 89' lang='lat' dir='ltr'>ta&#39;m</span> <span class='ocrx_word' id='word_1_113' title='bbox 880 2063 992 2136; x_wconf 90' lang='lat' dir='ltr'>multa</span> <span class='ocrx_word' id='word_1_114' title='bbox 1017 2065 1216 2160; x_wconf 83' lang='lat' dir='ltr'>praedicaureu</span> 
     </span>
     <span class='ocr_line' id='line_1_17' title="bbox 220 2163 1229 2275; baseline -0.007 -21"><span class='ocrx_word' id='word_1_115' title='bbox 220 2163 271 2220; x_wconf 50' lang='lat'>&#39;“</span> <span class='ocrx_word' id='word_1_116' title='bbox 297 2182 505 2275; x_wconf 85' lang='lat' dir='ltr'>audiverat,</span> <span class='ocrx_word' id='word_1_117' title='bbox 541 2184 671 2256; x_wconf 86' lang='lat' dir='ltr'>ditatus</span> <span class='ocrx_word' id='word_1_118' title='bbox 701 2185 848 2258; x_wconf 90' lang='lat' dir='ltr'>domum</span> <span class='ocrx_word' id='word_1_119' title='bbox 888 2201 1140 2256; x_wconf 86' lang='lat' dir='ltr'>reverteretur.</span> <span class='ocrx_word' id='word_1_120' title='bbox 1173 2175 1229 2250; x_wconf 76' lang='lat' dir='ltr'>alr</span> 
     </span>
     <span class='ocr_line' id='line_1_18' title="bbox 242 2289 1216 2394; baseline -0.002 -26"><span class='ocrx_word' id='word_1_121' title='bbox 242 2289 354 2372; x_wconf 89' lang='lat' dir='ltr'>semel</span> <span class='ocrx_word' id='word_1_122' title='bbox 371 2297 552 2374; x_wconf 84' lang='lat' dir='ltr'>Viennam</span> <span class='ocrx_word' id='word_1_123' title='bbox 569 2301 658 2373; x_wconf 87' lang='lat' dir='ltr'>adiit</span> <span class='ocrx_word' id='word_1_124' title='bbox 676 2322 762 2373; x_wconf 87' lang='lat' dir='ltr'>ante</span> <span class='ocrx_word' id='word_1_125' title='bbox 778 2322 914 2372; x_wconf 88' lang='lat' dir='ltr'>annum</span> <span class='ocrx_word' id='word_1_126' title='bbox 933 2305 1038 2394; x_wconf 83' lang='lat'>1576.</span> <span class='ocrx_word' id='word_1_127' title='bbox 1066 2321 1137 2392; x_wconf 88' lang='lat' dir='ltr'>quo</span> <span class='ocrx_word' id='word_1_128' title='bbox 1147 2291 1216 2370; x_wconf 77' lang='lat' dir='ltr'>Mari</span> 
     </span>
     <span class='ocr_line' id='line_1_19' title="bbox 242 2407 1218 2508; baseline -0.004 -20"><span class='ocrx_word' id='word_1_129' title='bbox 242 2414 410 2508; x_wconf 85' lang='lat' dir='ltr'>limianus</span> <span class='ocrx_word' id='word_1_130' title='bbox 424 2440 584 2494; x_wconf 83' lang='lat' dir='ltr'>mortuus</span> <span class='ocrx_word' id='word_1_131' title='bbox 601 2418 676 2494; x_wconf 85' lang='lat' dir='ltr'>est:</span> <span class='ocrx_word' id='word_1_132' title='bbox 695 2418 804 2494; x_wconf 85' lang='lat' dir='ltr'>semel</span> <span class='ocrx_word' id='word_1_133' title='bbox 823 2421 923 2493; x_wconf 90' lang='lat' dir='ltr'>enim</span> <span class='ocrx_word' id='word_1_134' title='bbox 937 2419 1023 2495; x_wconf 70' lang='lat' dir='ltr'>indii</span> <span class='ocrx_word' id='word_1_135' title='bbox 1047 2407 1218 2491; x_wconf 79' lang='lat' dir='ltr'>reversustl</span> 
     </span>
     <span class='ocr_line' id='line_1_20' title="bbox 243 2533 1216 2635; baseline -0.002 -28"><span class='ocrx_word' id='word_1_136' title='bbox 243 2535 391 2635; x_wconf 83' lang='lat' dir='ltr'>domum</span> <span class='ocrx_word' id='word_1_137' title='bbox 409 2566 423 2630; x_wconf 83' lang='lat'>‚-</span> <span class='ocrx_word' id='word_1_138' title='bbox 456 2537 529 2610; x_wconf 90' lang='lat' dir='ltr'>alio</span> <span class='ocrx_word' id='word_1_139' title='bbox 550 2561 673 2611; x_wconf 88' lang='lat' dir='ltr'>autem</span> <span class='ocrx_word' id='word_1_140' title='bbox 693 2559 883 2634; x_wconf 82' lang='lat' dir='ltr'>tempore=</span> <span class='ocrx_word' id='word_1_141' title='bbox 916 2537 1063 2614; x_wconf 60' lang='lat' dir='ltr'>Vienna</span> <span class='ocrx_word' id='word_1_142' title='bbox 1081 2533 1216 2634; x_wconf 83' lang='lat' dir='ltr'>Hungarl·</span> 
     </span>
     <span class='ocr_line' id='line_1_21' title="bbox 244 2651 1214 2754; baseline 0.005 -27"><span class='ocrx_word' id='word_1_143' title='bbox 244 2677 303 2727; x_wconf 89' lang='lat' dir='ltr'>am</span> <span class='ocrx_word' id='word_1_144' title='bbox 317 2653 521 2752; x_wconf 52' lang='lat' dir='ltr'>profestum</span> <span class='ocrx_word' id='word_1_145' title='bbox 551 2665 560 2698; x_wconf 83' lang='lat'>³</span> <span class='ocrx_word' id='word_1_146' title='bbox 579 2657 639 2728; x_wconf 91' lang='lat' dir='ltr'>ubi</span> <span class='ocrx_word' id='word_1_147' title='bbox 660 2657 821 2754; x_wconf 82' lang='lat' dir='ltr'>(aliquot</span> <span class='ocrx_word' id='word_1_148' title='bbox 850 2667 860 2702; x_wconf 81' lang='lat'>³</span> <span class='ocrx_word' id='word_1_149' title='bbox 881 2660 1056 2731; x_wconf 77' lang='lat' dir='ltr'>mensibus</span> <span class='ocrx_word' id='word_1_150' title='bbox 1084 2651 1214 2732; x_wconf 82' lang='lat' dir='ltr'>anteCal</span> 
     </span>
     <span class='ocr_line' id='line_1_22' title="bbox 244 2767 1217 2872; baseline -0.006 -28"><span class='ocrx_word' id='word_1_151' title='bbox 244 2771 483 2870; x_wconf 82' lang='lat' dir='ltr'>Aug.1575.)</span> <span class='ocrx_word' id='word_1_152' title='bbox 509 2771 603 2848; x_wconf 86' lang='lat' dir='ltr'>illius</span> <span class='ocrx_word' id='word_1_153' title='bbox 618 2774 778 2872; x_wconf 86' lang='lat' dir='ltr'>regionis</span> <span class='ocrx_word' id='word_1_154' title='bbox 788 2777 902 2847; x_wconf 87' lang='lat' dir='ltr'>vicem</span> <span class='ocrx_word' id='word_1_155' title='bbox 921 2775 1044 2846; x_wconf 90' lang='lat' dir='ltr'>dolere</span> <span class='ocrx_word' id='word_1_156' title='bbox 1067 2773 1100 2848; x_wconf 88' lang='lat' dir='ltr'>se</span> <span class='ocrx_word' id='word_1_157' title='bbox 1115 2767 1217 2852; x_wconf 84' lang='lat' dir='ltr'>dicenti,</span> 
     </span>
     <span class='ocr_line' id='line_1_23' title="bbox 195 2889 1226 2992; baseline -0.009 -28"><span class='ocrx_word' id='word_1_158' title='bbox 195 2905 197 2910; x_wconf 85' lang='lat'>&#39;</span> <span class='ocrx_word' id='word_1_159' title='bbox 242 2889 435 2967; x_wconf 85' lang='lat' dir='ltr'>conversus</span> <span class='ocrx_word' id='word_1_160' title='bbox 450 2893 594 2988; x_wconf 83' lang='lat' dir='ltr'>quidam</span> <span class='ocrx_word' id='word_1_161' title='bbox 611 2895 821 2992; x_wconf 84' lang='lat' dir='ltr'>Hungarus,</span> <span class='ocrx_word' id='word_1_162' title='bbox 847 2897 874 2934; x_wconf 85' lang='lat'><strong><em>“</em></strong></span> <span class='ocrx_word' id='word_1_163' title='bbox 892 2917 1004 2988; x_wconf 91' lang='lat' dir='ltr'>quum</span> <span class='ocrx_word' id='word_1_164' title='bbox 1022 2890 1114 2988; x_wconf 83' lang='lat' dir='ltr'>satis,</span> <span class='ocrx_word' id='word_1_165' title='bbox 1127 2889 1226 2984; x_wconf 50' lang='lat' dir='ltr'>inquiri)</span> 
     </span>
     <span class='ocr_line' id='line_1_24' title="bbox 183 3013 1214 3120; baseline -0.003 -35"><span class='ocrx_word' id='word_1_166' title='bbox 183 3113 188 3120; x_wconf 22' lang='grc' dir='ltr'><strong><em>Ι</em></strong></span> <span class='ocrx_word' id='word_1_167' title='bbox 240 3015 269 3052; x_wconf 83' lang='grc'><strong>“</strong></span> <span class='ocrx_word' id='word_1_168' title='bbox 296 3015 416 3106; x_wconf 83' lang='lat' dir='ltr'>patriae</span> <span class='ocrx_word' id='word_1_169' title='bbox 444 3037 540 3108; x_wconf 66' lang='grc' dir='ltr'>ωε,</span> <span class='ocrx_word' id='word_1_170' title='bbox 581 3017 798 3110; x_wconf 66' lang='lat' dir='ltr'>quaenollrl</span> <span class='ocrx_word' id='word_1_171' title='bbox 834 3013 998 3090; x_wconf 89' lang='lat' dir='ltr'>miserior</span> <span class='ocrx_word' id='word_1_172' title='bbox 1030 3015 1109 3108; x_wconf 86' lang='lat' dir='ltr'>est,</span> <span class='ocrx_word' id='word_1_173' title='bbox 1141 3016 1214 3085; x_wconf 83' lang='lat' dir='ltr'>vicu</span> 
     </span>
     <span class='ocr_line' id='line_1_25' title="bbox 241 3125 1226 3224; baseline -0.001 -22"><span class='ocrx_word' id='word_1_174' title='bbox 241 3133 271 3169; x_wconf 76' lang='lat'>‘⁶</span> <span class='ocrx_word' id='word_1_175' title='bbox 296 3131 466 3224; x_wconf 89' lang='lat' dir='ltr'>dolueris,</span> <span class='ocrx_word' id='word_1_176' title='bbox 502 3137 799 3210; x_wconf 88' lang='lat' dir='ltr'>tumsrdolendo</span> <span class='ocrx_word' id='word_1_177' title='bbox 842 3131 948 3209; x_wconf 87' lang='lat' dir='ltr'>sessus</span> <span class='ocrx_word' id='word_1_178' title='bbox 984 3137 1144 3208; x_wconf 86' lang='lat' dir='ltr'>nondum</span> <span class='ocrx_word' id='word_1_179' title='bbox 1171 3125 1226 3212; x_wconf 61' lang='lat' dir='ltr'>tin*</span> 
     </span>
     <span class='ocr_line' id='line_1_26' title="bbox 242 3249 1225 3351; baseline -0.003 -27"><span class='ocrx_word' id='word_1_180' title='bbox 242 3249 271 3289; x_wconf 89' lang='lat'><strong><em>“</em></strong></span> <span class='ocrx_word' id='word_1_181' title='bbox 294 3249 452 3326; x_wconf 89' lang='lat' dir='ltr'>nostram</span> <span class='ocrx_word' id='word_1_182' title='bbox 470 3277 616 3347; x_wconf 86' lang='lat' dir='ltr'>quoque</span> <span class='ocrx_word' id='word_1_183' title='bbox 629 3253 951 3350; x_wconf 86' lang='lat' dir='ltr'>dolebis.Uterque</span> <span class='ocrx_word' id='word_1_184' title='bbox 967 3251 1031 3331; x_wconf 85' lang='lat' dir='ltr'>suae</span> <span class='ocrx_word' id='word_1_185' title='bbox 1041 3251 1171 3351; x_wconf 81' lang='lat' dir='ltr'>regioni</span> <span class='ocrx_word' id='word_1_186' title='bbox 1181 3267 1225 3342; x_wconf 51' lang='lat' dir='ltr'>ot&lt;</span> 
     </span>
    </p>
   </div>
   <div class='ocr_carea' id='block_1_3' title="bbox 215 3439 1225 3833">
    <p class='ocr_par' dir='ltr' id='par_1_3' title="bbox 215 3439 1225 3764">
     <span class='ocr_line' id='line_1_27' title="bbox 282 3439 1225 3536; baseline -0.003 -24"><span class='ocrx_word' id='word_1_187' title='bbox 282 3455 291 3482; x_wconf 91' lang='lat'><em>¹</em></span> <span class='ocrx_word' id='word_1_188' title='bbox 317 3445 475 3526; x_wconf 78' lang='lat' dir='ltr'>Qudnam</span> <span class='ocrx_word' id='word_1_189' title='bbox 502 3449 574 3510; x_wconf 84' lang='lat' dir='ltr'>illud</span> <span class='ocrx_word' id='word_1_190' title='bbox 601 3451 688 3514; x_wconf 84' lang='lat' dir='ltr'>fuerit</span> <span class='ocrx_word' id='word_1_191' title='bbox 708 3453 872 3532; x_wconf 81' lang='lat' dir='ltr'>negotium,</span> <span class='ocrx_word' id='word_1_192' title='bbox 891 3453 1007 3528; x_wconf 85' lang='lat' dir='ltr'>nescio;</span> <span class='ocrx_word' id='word_1_193' title='bbox 1026 3452 1072 3515; x_wconf 83' lang='lat' dir='ltr'>nili</span> <span class='ocrx_word' id='word_1_194' title='bbox 1092 3450 1175 3513; x_wconf 76' lang='lat' dir='ltr'>forsan</span> <span class='ocrx_word' id='word_1_195' title='bbox 1188 3439 1225 3536; x_wconf 50' lang='lat' dir='ltr'>tl*1</span> 
     </span>
     <span class='ocr_line' id='line_1_28' title="bbox 215 3525 1218 3610; baseline 0.002 -22"><span class='ocrx_word' id='word_1_196' title='bbox 215 3527 219 3539; x_wconf 88' lang='lat'>&#39;</span> <span class='ocrx_word' id='word_1_197' title='bbox 240 3525 313 3597; x_wconf 84' lang='lat' dir='ltr'>ouirl</span> <span class='ocrx_word' id='word_1_198' title='bbox 326 3531 342 3592; x_wconf 76' lang='grc' dir='ltr'>ὲ</span> <span class='ocrx_word' id='word_1_199' title='bbox 355 3529 512 3590; x_wconf 77' lang='lat' dir='ltr'>Galliarum</span> <span class='ocrx_word' id='word_1_200' title='bbox 528 3529 569 3590; x_wconf 89' lang='lat' dir='ltr'>Re</span> <span class='ocrx_word' id='word_1_201' title='bbox 593 3533 771 3608; x_wconf 83' lang='lat' dir='ltr'>eimpetrare</span> <span class='ocrx_word' id='word_1_202' title='bbox 797 3531 930 3604; x_wconf 88' lang='lat' dir='ltr'>voluerit,</span> <span class='ocrx_word' id='word_1_203' title='bbox 949 3534 1025 3610; x_wconf 84' lang='lat' dir='ltr'>quod</span> <span class='ocrx_word' id='word_1_204' title='bbox 1048 3531 1079 3594; x_wconf 80' lang='lat' dir='ltr'>ad</span> <span class='ocrx_word' id='word_1_205' title='bbox 1104 3527 1218 3602; x_wconf 61' lang='lat' dir='ltr'>Typuw</span> 
     </span>
     <span class='ocr_line' id='line_1_29' title="bbox 239 3601 1224 3690; baseline 0.006 -24"><span class='ocrx_word' id='word_1_206' title='bbox 239 3605 335 3680; x_wconf 68' lang='lat' dir='ltr'>phiam</span> <span class='ocrx_word' id='word_1_207' title='bbox 359 3608 478 3685; x_wconf 81' lang='lat' dir='ltr'>Regiam</span> <span class='ocrx_word' id='word_1_208' title='bbox 506 3607 554 3684; x_wconf 79' lang='lat' dir='ltr'>spe</span> <span class='ocrx_word' id='word_1_209' title='bbox 582 3610 653 3684; x_wconf 77' lang='lat' dir='ltr'>¹ebat.</span> <span class='ocrx_word' id='word_1_210' title='bbox 691 3609 794 3682; x_wconf 69' lang='lat' dir='ltr'>{Orat</span> <span class='ocrx_word' id='word_1_211' title='bbox 808 3611 916 3674; x_wconf 77' lang='lat' dir='ltr'>advers.</span> <span class='ocrx_word' id='word_1_212' title='bbox 939 3611 1035 3690; x_wconf 65' lang='lat' dir='ltr'>Folo</span> <span class='ocrx_word' id='word_1_213' title='bbox 1055 3613 1117 3671; x_wconf 71' lang='grc' dir='ltr'>πό.</span> <span class='ocrx_word' id='word_1_214' title='bbox 1139 3615 1148 3648; x_wconf 78' lang='lat'><em>³</em></span> <span class='ocrx_word' id='word_1_215' title='bbox 1167 3601 1224 3663; x_wconf 61' lang='lat'>0¹²1</span> 
     </span>
     <span class='ocr_line' id='line_1_30' title="bbox 238 3663 1224 3764; baseline 0.008 -22"><span class='ocrx_word' id='word_1_216' title='bbox 238 3681 307 3745; x_wconf 83' lang='lat' dir='ltr'>Vet.</span> <span class='ocrx_word' id='word_1_217' title='bbox 323 3684 531 3764; x_wconf 80' lang='lat' dir='ltr'>rt75.Epistol.</span> <span class='ocrx_word' id='word_1_218' title='bbox 1220 3663 1224 3750; x_wconf 84' lang='lat' dir='ltr'>l</span> 
     </span>
    </p>

    <p class='ocr_par' dir='ltr' id='par_1_4' title="bbox 1072 3761 1216 3833">
     <span class='ocr_line' id='line_1_31' title="bbox 1072 3761 1216 3833; baseline -0.007 0"><span class='ocrx_word' id='word_1_219' title='bbox 1072 3761 1216 3833; x_wconf 71' lang='lat' dir='ltr'>castorrtll</span> 
     </span>
    </p>
   </div>
   <div class='ocr_carea' id='block_1_4' title="bbox 0 0 1252 4474">
    <p class='ocr_par' dir='ltr' id='par_1_5' title="bbox 0 0 1252 4474">
     <span class='ocr_line' id='line_1_32' title="bbox 0 0 1252 4474; baseline 0 0"><span class='ocrx_word' id='word_1_220' title='bbox 0 0 1252 4474; x_wconf 95' lang='lat' dir='ltr'> </span> 
     </span>
    </p>
   </div>
  </div>
 </body>
</html>
