2604 4494
209 171 608 265 STEPHANI
639 182 903 270 Sucurror.
990 211 1065 294 203

42 331 344 405 antenrecentiorum,
362 330 414 408 qui
427 329 463 390 de
476 331 530 395 hle
540 355 569 394 re
580 332 763 410 seripserunt,
792 335 902 414 vigiliis
923 341 1074 414 transcrip-

43 444 103 494 tnrn.
134 429 247 508 Atque
258 427 317 492 illir
330 426 389 490 hoc
399 437 599 508 commentum
614 427 705 499 placer
721 449 729 485 a
760 431 866 504 quibus
882 433 971 496 velim
982 434 1073 513 plane

42 520 170 588 mereset
181 541 254 586 rnea
265 521 418 595 sententia,
444 537 488 595 ut,
512 521 583 599 quid
597 521 707 586 redum
721 526 869 610 rqjullnm
884 530 928 602 dr,
948 533 1073 608 perferto

44 623 242 701 intelligerent.
280 619 356 682 Non
365 621 443 682 enim
454 620 478 681 is
489 617 564 694 sum,
584 621 786 696 cujusanimus
795 645 830 686 eo
840 647 934 690 errore
943 649 1077 708 vagetur,

45 723 83 800 qni
94 721 177 788 velim
189 721 305 782 alienos
316 721 426 782 labores
439 717 509 781 mihi
519 717 687 780 adscribere.
724 721 777 782 Sed
793 721 882 801 liquid
896 744 945 789 aut
955 727 988 788 ab
999 729 1073 790 anri·

42 820 95 899 quir
105 836 153 884 aut
163 817 387 882 recentioribus
410 817 446 880 de
464 818 546 878 rebus
558 818 592 878 ad
613 838 674 879 rem
686 816 850 884 hortensem
866 827 1075 900 pertinentibus

41 921 135 983 diuum
147 909 223 996 finit,
242 919 322 998 quod
345 919 426 981 idem
449 917 482 979 in
507 918 634 982 Hortulo
648 916 747 981 nostro
760 919 977 987 describendum
999 925 1066 989 effer

43 1019 215 1081 idnralniab
235 1018 314 1096 ipsu,
331 1016 409 1098 quod
431 1015 578 1096 optimum
604 1016 678 1078 mihi
700 1017 795 1079 visum
819 1019 870 1099 est,
890 1013 1077 1114 transumere:

41 1115 114 1194 narn
125 1132 207 1181 nova
220 1117 395 1197 wnhrrgere,
414 1132 477 1196 quat
490 1115 608 1178 fortassis
620 1115 718 1178 minus
728 1117 948 1187 adolescentulis
970 1127 1076 1193 nostrin

40 1214 174 1292 postona
189 1216 292 1280 essent
330 1216 364 1278 Id
377 1217 610 1296 quandocunque
636 1217 768 1294 fecimun
799 1219 894 1286 lrrhita
907 1222 949 1287 est
960 1225 979 1287 nl
991 1231 1077 1294 noble

42 1319 112 1382 horis
123 1317 300 1382 authoribus
313 1317 412 1396 gratia,
431 1318 559 1396 ipsorum
574 1317 694 1380 nomine
707 1319 829 1385 minime
840 1321 1005 1402 suppresso:
1026 1329 1078 1392 sed

43 1415 154 1494 &liquis
170 1419 292 1496 erogata
305 1417 336 1478 irr
349 1416 503 1492 proemium
517 1409 640 1494 petunini
652 1415 759 1496 aliquid
774 1419 804 1483 in
817 1415 873 1484 hac
884 1444 914 1483 re
924 1423 952 1484 se
962 1427 1077 1503 publich

43 1510 226 1576 nordocuiffe
237 1531 429 1592 conqueratur
442 1513 621 1592 (quenquam
635 1513 677 1587 id,
698 1515 788 1593 liquid
800 1517 851 1594 est,
869 1523 1003 1585 omnium
1017 1525 1079 1586 mi·

43 1617 144 1679 nimum
158 1613 219 1680 effe
232 1614 330 1692 debet)
350 1631 413 1696 quae
423 1612 549 1692 superest
561 1613 689 1677 habenda
702 1617 788 1695 gretia
801 1619 839 1693 ei,
857 1621 910 1699 qni
922 1625 1077 1698 proemium

46 1713 79 1776 nh
89 1717 219 1777 lahorem
233 1715 368 1791 aceepit?
404 1714 436 1776 si
453 1713 524 1791 quid
545 1730 626 1776 nunc
638 1729 668 1776 re
682 1716 786 1778 meent
804 1719 836 1780 irr
847 1739 880 1779 re
893 1725 1078 1800 penaunce

44 1813 178 1891 sustene,
196 1817 279 1896 'quod
293 1816 448 1896 aliquanda
463 1837 510 1892 per
520 1815 611 1880 etatis
622 1819 817 1882 maturitatem
830 1803 975 1898 disponat,
1008 1826 1079 1890 &in

44 1916 169 1982 libellum
183 1918 307 1996 digerat,
326 1917 446 1992 publice
458 1919 592 1982 utilitatis
605 1923 702 1996 causi,
720 1936 837 1997 accepto
857 1920 981 1995 polleni
996 1921 1080 1988 bonis

42 2014 213 2090 authoribus,
233 2013 372 2096 quicquid
383 2018 415 2104 in
432 2037 493 2078 rem
507 2034 586 2078 tuam
599 2017 653 2079 else
667 2017 829 2078 videbitur:
854 2018 1029 2082 dicendusne
1042 2025 1081 2084 ob

43 2113 100 2176 hoe
109 2115 306 2180 eritTusar'rus
323 2117 454 2178 libellum
473 2117 528 2179 tibi
544 2111 678 2180 didisse?
716 2113 941 2192 Ingrarillimum
956 2141 1003 2182 me
1015 2122 1081 2183 her·

43 2200 250 2278 rotomnam
262 2228 365 2294 genus,
380 2211 443 2294 qu,
462 2213 540 2294 quan
553 2213 668 2291 nannet
681 2219 816 2291 tarnum
840 2216 872 2278 rn
890 2215 956 2278 foro
977 2218 1080 2282 arven-

43 2317 123 2402 dnnt‚
142 2315 172 2378 id
183 2332 281 2378 tamen
295 2315 388 2393 poster
400 2317 498 2378 foenus
511 2315 647 2380 redimere
669 2313 790 2388 cupiunt
803 2317 857 2375 suae
874 2316 1078 2392 mercimoniae,

44 2435 75 2484 ut
86 2416 180 2500 liquid
194 2415 287 2480 laudis
299 2434 348 2482 aut
359 2415 492 2480 utilitatis
506 2416 575 2480 inde
589 2414 682 2491 postea
701 2417 879 2492 provenerit,
899 2418 947 2479 filei
961 2418 1081 2482 adstribi

46 2522 144 2600 nolim,
161 2535 302 2597 tauquam
314 2517 372 2598 ipsa
382 2518 555 2590 solamucer
573 2517 710 2594 idipsum
726 2517 874 2595 pepererit.
913 2519 987 2582 Tale
998 2519 1082 2600 quiri·

45 2621 107 2682 dam
121 2621 154 2682 in
168 2616 281 2697 judicio
292 2619 396 2695 repetit
416 2615 674 2696 impudentilsrmns
696 2615 794 2678 tonsor
807 2617 841 2676 ab
852 2639 898 2692 eo,
918 2621 968 2697 qni
982 2641 1042 2681 rem
1056 2642 1086 2680 a.

47 2719 216 2782 natomicam
230 2713 429 2794 conscripserat
444 2740 452 2776 r
471 2717 599 2780 cui'cnm
615 2713 688 2778 nihil
702 2715 780 2775 aliud
795 2717 833 2775 ob
850 2717 999 2794 praemium
1014 2737 1083 2793 prae-

46 2813 159 2896 merit,
175 2815 265 2895 quem
275 2816 355 2895 quod
365 2831 480 2896 rogator
492 2815 591 2878 fuitde
600 2813 820 2878 dissecandarrrm
830 2815 1082 2902 partitionemque,

47 2913 202 2985 ffitamen
217 2917 370 2981 &nornen
389 2915 422 2980 nr
441 2917 644 2982 authoritatem
658 2933 776 2978 omnem
791 2913 877 2974 alieni
892 2915 985 2989 operis
997 2933 1084 2994 carpta,-

45 3017 134 3084 llerlss
169 3017 276 3082 Redeo
288 3017 324 3080 at
336 3029 435 3082 maram
447 3017 631 3080 licentium:
649 3033 739 3091 eptem
750 3033 810 3076 non
828 3011 920 3076 sorum
935 3017 1038 3078 nnrsrm
1051 3037 1083 3079 o·

49 3121 225 3194 beasrernn,
257 3119 414 3195 Nepotule‚
449 3118 497 3180 sed
519 3114 734 3195 diligentissime
747 3112 912 3191 perpendas,
941 3116 1082 3198 quicquid

49 3223 194 3284 herbarum
207 3238 257 3284 ant
269 3220 407 3282 fruticum
421 3221 453 3283 in
465 3241 500 3282 eo
511 3218 686 3294 descriptum
701 3215 798 3277 suerit.
850 3216 1081 3294 locupletiorem

49 3321 180 3394 &emko
189 3322 386 3401 purgatiorem
400 3324 513 3386 videbit
525 3323 613 3402 anlm
623 3339 704 3382 antea
719 3342 727 3378 ε
743 3318 831 3388 villici
839 3321 917 3384 enim
930 3313 1081 3398 seg'nitiem

51 3419 141 3495 arguit
154 3439 215 3482 non
230 3415 364 3498 quotidie
376 3419 526 3486 emundata
541 3419 666 3481 domus:
687 3414 787 3478 lrnrrm
802 3434 862 3476 που
876 3416 1029 3494 quotannis
1041 3437 1085 3478 re·

56 3538 194 3620 purgatur,
213 3515 333 3586 &noro
344 3516 468 3619 quodam
481 3517 630 3585 herbarum
644 3539 751 3599 genere
763 3518 957 3594 locupletatur.
984 3551 985 3556 κ
998 3515 1083 3582 Vale.

1004 3787 1086 3890 l'ost
