2520 4468
262 201 343 308 306
514 189 668 278 Vtri
710 179 1096 274 HENRlCl'

266 346 395 408 onarium
418 340 748 418 Larinograecogellicum
765 363 774 399 a
793 341 824 400 in
849 359 908 418 quo
934 357 995 401 non
1017 321 1136 401 ¹vocabule
1154 337 1214 402 untia

270 427 368 484 Graeca
391 420 508 492 Latinis,
528 418 573 476 sed
588 422 679 478 multa
691 420 776 479 etiam
798 417 935 494 loquendi
957 423 1061 494 genera
1073 419 1214 480 Graeultriri

161 573 163 582 Ι
272 499 478 575 respondentia,
504 495 707 572 adiungentur·
741 495 808 574 Jem
830 497 940 556 verb&
962 494 1113 557 bibliorum
1127 497 1215 556 editionem

273 599 339 639 cum
351 577 451 636 iisdem
465 593 533 654 quas
552 574 600 632 ille
612 569 732 634 excudit
749 574 992 648 annotationibus,
1009 569 1055 633 sed
1076 573 1217 652 recumbite

275 673 378 716 nouare
393 673 501 715 conor:
520 651 654 723 adjuncto
667 668 785 728 qunque
797 651 1024 726 interpretationi
1048 651 1138 712 Latina
1151 645 1218 724 (net

279 734 338 806 ipsa
360 725 597 808 recognoscetur)
619 727 758 790 Hebraico
772 745 869 790 textur
891 728 1100 790 soitelleautent
1119 725 1218 790 &eiu

275 811 352 870 sione
374 809 549 888 'quaevulgo
581 805 661 866 LXX
692 810 878 882 interpretum
904 822 1030 866 vocetur.
1070 805 1219 876 Heefetlre,

276 890 330 948 viri
348 885 517 958 charillimi,
536 885 640 961 quibus
656 886 799 958 proximos
818 883 1014 961 typographiae
1034 903 1099 944 mec
1116 881 1221 946 laboretlr

275 967 396 1028 ilinavi:
418 983 480 1041 qnae
495 983 542 1021 me
555 963 635 1022 vobis
648 965 680 1022 ed
693 964 755 1036 lege
768 961 931 1022 recensuisse
941 962 1126 1033 memineritis,
1140 975 1219 1040 ntan

276 1063 389 1120 cunque
401 1041 557 1115 symbolam
582 1040 617 1098 ad
643 1059 741 1098 eorum
755 1039 1059 1100 editionem'confer'te
1079 1042 1219 1116 poteritiqet

277 1123 349 1182 mihi
362 1141 422 1179 nnn
442 1117 596 1192 denegetis,
615 1133 791 1194 nequaquam
812 1119 890 1177 certe
915 1117 1031 1192 ingrato
1050 1119 1143 1192 fiaturo,
1158 1117 1220 1192 lelp

276 1201 345 1259 tiam
359 1199 387 1257 δι
402 1199 492 1256 verbis
508 1187 621 1272 publlee
632 1195 772 1262 habituro,
791 1195 821 1254 de
831 1215 862 1255 re
875 1213 992 1272 qnoque
1006 1195 1140 1256 liberaliter
1149 1199 1219 1256 retur

278 1280 317 1338 Ea
330 1290 461 1352 praeterea
469 1277 541 1350 lege,
560 1289 594 1334 ut
607 1273 682 1330 viret
704 1271 776 1332 mihi
790 1271 805 1331 ὲ
818 1271 883 1333 Deo
897 1271 969 1348 Ope.
996 1274 1072 1344 Mar,
1090 1275 1162 1338 tantis
1177 1269 1220 1332 nai

280 1358 333 1416 bus
345 1352 455 1412 serendi
470 1371 546 1427 pares
566 1351 742 1426 precemini:
763 1348 801 1422 ἃ,
820 1349 840 1409 sr
858 1351 934 1410 forte
948 1351 1120 1415 remiffiorem
1130 1347 1221 1413 nelle

281 1431 411 1500 audiatis,
434 1449 569 1505 tanquam
584 1425 760 1505 imnum.
779 1426 820 1488 iti
834 1429 976 1502 urgeatis,
1005 1448 1040 1490 ut
1057 1431 1156 1492 interim
1170 1420 1222 1494 ult

282 1531 344 1588 quae
358 1508 434 1568 utero
457 1509 488 1568 in
505 1508 656 1567 literariam
667 1507 806 1600 rempubl.
821 1507 991 1578 colliturum
1006 1527 1051 1569 me
1074 1509 1221 1584 pollicente!

281 1605 415 1662 tanquam
430 1586 582 1646 creditores
601 1585 638 1645 de
654 1587 777 1659 pecunia
788 1587 926 1661 appellare
936 1584 1099 1648 videamini.

321 1665 350 1723 N
366 1679 385 1718 a
402 1679 421 1715 rr
437 1681 455 1716 c
491 1661 521 1720 V
539 1677 554 1715 a
575 1671 628 1717 ao
649 1663 735 1723 uude
750 1683 816 1723 meo
826 1661 980 1723 Thesauro
996 1666 1097 1726 Graecae
1115 1653 1223 1742 lingui!i

273 1741 350 1820 quid
361 1741 465 1815 dicam,
485 1740 610 1816 poscitis
632 1740 717 1813 ordo,
734 1759 820 1818 quem
845 1742 876 1800 in
897 1741 1074 1804 reeenlendis
1091 1745 1159 1806 tenui
1174 1733 1227 1798 ub*¹

279 1839 344 1884 tum
358 1820 500 1880 literarum
511 1819 694 1894 argumentis.
728 1819 871 1888 ‘Quanvis
886 1821 963 1879 enim
977 1837 1126 1884 extremam
1136 1811 1222 1880 einr*

282 1901 298 1960 a
314 1919 360 1959 me
373 1898 451 1956 brevi
464 1897 628 1972 impolitum
643 1898 678 1958 iri
697 1896 815 1970 sperem,
835 1893 892 1969 (uri
904 1896 983 1970 dixi)
1000 1901 1227 1978 quorumnam*

283 1999 346 2038 reor
357 1997 394 2036 ne
406 1994 558 2053 antequam
579 1975 612 2032 ad
625 1976 815 2051 colophonem
838 1975 961 2045 veniam,
983 1979 1066 2040 variis
1089 1978 1160 2040 literis
1174 1973 1227 2052 Ml

284 2059 356 2117 ficut
368 2071 457 2125 antea,
476 2055 566 2112 multe
579 2053 783 2114 sciscitantibus
793 2051 962 2128 respondere
976 2056 1113 2132 srgillatim
1131 2041 1227 2134 „eali

283 2133 313 2192 ἃ
325 2148 464 2212 quantum
478 2131 694 2192 illisscribendis
705 2130 870 2206 impendam
884 2135 1032 2208 temporis,
1050 2132 1227 2262 tantundem&

282 2211 320 2270 ris
349 2208 428 2268 illius
453 2203 624 2284 progressum
646 2210 796 2270 remorari:
828 2224 958 2283 praeterea
984 2209 1054 2272 verb
1077 2210 1183 2289 quonian
1225 2255 1226 2278 q

282 2286 428 2366 plerosque
443 2283 494 2345 elle
507 2287 573 2357 scio,
594 2285 642 2362 qui
656 2286 752 2346 eadem
765 2286 944 2368 cognoscere,
963 2291 1033 2350 licet
1045 2311 1103 2352 non
1115 2304 1210 2355 ntem<
1224 2287 1226 2304 “

282 2367 463 2439 summopere
473 2364 611 2437 cupiunt:
633 2363 718 2424 semel
730 2385 849 2426 munere
872 2365 926 2424 illo
948 2369 1081 2444 defungi,
1101 2364 1192 2430 need
1216 2368 1217 2371 ’

284 2430 382 2504 fidelii
402 2445 450 2510 (ut
461 2439 542 2502 estin
554 2442 717 2516 proverbio)
736 2443 783 2504 sed
798 2443 905 2505 multos
928 2448 1047 2519 parietes
1070 2445 1183 2512 datore.

285 2541 374 2582 mune
387 2519 519 2578 omnibus
537 2518 701 2593 responsum
713 2521 817 2595 dando,
842 2539 933 2593 opetae
944 2526 1067 2598 pretium
1087 2525 1143 2586 fote

286 2600 327 2659 vi.
366 2596 410 2657 Ut
420 2611 514 2660 autem
527 2597 542 2658 d
554 2599 725 2672 rumoribus,
742 2618 815 2678 quos
826 2600 862 2659 de
886 2620 971 2675 opere
984 2603 1035 2661 illo
1047 2593 1195 2665 circumferri

283 2675 401 2738 initium
412 2673 597 2734 sumanusunt
608 2677 657 2750 qui
667 2674 1077 2753 thesaurumlinguoeGroecaei
1088 2701 1131 2743 me
1146 2708 1158 2731 a
1173 2682 1197 2723 ›·³

283 2758 317 2817 in
327 2770 386 2832 quo
398 2753 504 2816 Gtaecae
517 2769 599 2812 voces
612 2755 787 2826 Grecirmon
807 2771 900 2816 autem
919 2757 1029 2819 Latinis
1038 2758 1195 2836 eupompus·

288 2851 395 2905 contre,
422 2832 471 2908 qui
491 2831 678 2906 &expellent
701 2853 777 2908 eum,
807 2836 837 2895 in
860 2837 1054 2909 quotannis,
1073 2837 1174 2902 lioutin
1208 2883 1214 2892 ,

287 2913 345 2974 oris
355 2909 495 2984 temporis
519 2911 616 2970 lexicis
633 2911 849 2982 Graecolatinis,
877 2923 1075 2989 exponantur.
1106 2916 1198 2976 &not

287 2990 339 3050 srbi
361 2989 448 3066 qudm
461 2987 586 3059 ejusdem
607 2991 716 3062 generis
728 2989 864 3064 Lexicon‚
881 2988 931 3050 sed
959 2994 1055 3054 multo
1067 2993 1157 3068 locupl
1175 3020 1197 3041 w

286 3069 432 3128 liceantur.
471 3069 543 3125 Sunt
562 3065 685 3142 denique
699 3065 759 3142 qui,
777 3070 854 3144 quod
868 3071 1002 3130 vocabula
1019 3071 1052 3132 in
1064 3087 1130 3131 meo

220 3156 222 3164 '
288 3143 375 3220 longit
394 3145 450 3202 alio
463 3163 548 3220 quam
561 3141 736 3217 alphabetico
750 3147 850 3205 ordlne
872 3145 979 3224 digesta
992 3148 1046 3211 else
1060 3147 1190 3211 audierint

289 3241 356 3283 nam
369 3219 458 3280 iseffe
481 3219 569 3294 poffir,
589 3223 672 3282 valde
694 3221 842 3296 mirentur,
861 3241 894 3282 au
915 3229 1171 3298 deludentem,
1192 3230 1221 3297 [r

290 3301 397 3375 linguae
411 3300 517 3356 Groecae
526 3299 694 3373 cognitione
708 3303 913 3362 veterani‘suut
932 3305 1024 3374 lutire
1036 3301 1148 3383 loquer)
1163 3297 1201 3362 nd

289 3377 441 3452 tyronibus
451 3375 529 3434 lebor
540 3393 622 3433 meus
638 3375 838 3439 utilisfuturus
851 3381 890 3444 lit.
913 3399 1074 3443 vereantur.
1115 3384 1153 3443 En
1170 3392 1199 3427 ··³

289 3475 338 3516 me
360 3453 537 3515 Thesaurum
560 3453 689 3528 plerique
704 3458 871 3526 expectent:
904 3479 981 3521 nunc
1003 3461 1108 3538 qualis,
1133 3490 1134 3493 ¹

291 3535 335 3605 fir,
353 3532 385 3606 (sr
395 3529 483 3592 modb
493 3529 603 3590 dederit
617 3527 695 3591 Deus
703 3547 735 3591 ut
749 3553 809 3595 uno
818 3530 977 3613 eodemque
997 3540 1108 3602 laboris
1127 3531 1185 3616 qudi

287 3614 318 3672 in
332 3631 366 3668 eo
381 3604 507 3686 pergem)
528 3606 661 3683 superest,
680 3627 714 3670 ut
728 3612 809 3672 vobis
821 3615 993 3685 patefaciam.
1219 3601 1225 3678 1¹

326 3686 453 3750 Primum
467 3688 554 3762 igitur
566 3689 599 3746 in'
623 3708 707 3762 opere
726 3685 777 3749 illo
791 3694 888 3752 Graeca
915 3693 1056 3755 vocabula
1075 3695 1172 3776 ubique

284 3763 376 3839 reddi,
392 3765 495 3828 alicubi
507 3765 533 3828 dt
547 3765 653 3828 Grecis
670 3768 774 3844 exponi
790 3769 873 3832 dico:
895 3770 942 3834 sed
956 3775 1034 3851 quod
1049 3777 1086 3842 in
1101 3769 1196 3852 vulgrt't
