2602 4480
208 165 870 258 STEPHANI‘Prtrn'rl
981 187 1112 289 '73'

48 329 77 376 “
96 324 368 423 eumallocutns,
392 326 478 422 quia
494 321 669 404 faciebam
684 319 962 440 conscientiam,
1000 349 1074 428 ego

48 445 215 544 “rogavi
245 445 409 539 denno,
440 447 633 539 quomodo
663 447 799 524 iaceret
832 434 901 523 hic.
928 451 976 524 Et
996 445 1074 546 ipse

47 567 72 607 “
93 564 177 638 mihi
192 563 296 658 dixit,
319 560 422 660 qudd
456 589 645 662 nunquam
676 566 785 642 fucrit
812 567 926 668 magis
960 560 1077 665 latus,
1149 657 1154 674 .

44 681 124 756 “et
149 679 252 777 qudd
279 680 421 758 faceret
444 683 624 760 mirabilia
643 687 688 760 de
718 687 991 782 imprimendo:
1018 628 1073 760 id

43 797 182 894 “quod
195 821 385 894 nunquam
403 795 471 873 suit
496 823 604 898 unus,
629 805 691 898 qui
710 803 850 875 dederit
869 823 925 876 tot
946 823 1069 899 poenas

41 917 69 958 “
90 916 190 990 matri
217 916 349 992 nostrat
363 916 621 1016 Univetsrtati,
646 943 754 1018 quam
775 918 842 995 iste
860 919 969 994 dabit
1019 923 1071 995 Et

39 1031 67 1076 ‘¹
88 1031 301 1126 quomodo?
327 1035 417 1132 dixi,
441 1043 516 1143 ipse
542 1051 611 1131 fuit
642 1025 846 1126 combustus
873 1040 915 1130 in
944 1033 1074 1132 figuris

41 1150 66 1202 “
88 1143 158 1242 lrfa,
180 1145 234 1220 itd
259 1147 364 1244 dixit,
389 1147 449 1228 sed
478 1163 571 1238 ridet
603 1163 640 1238 se
657 1161 714 1235 vde
745 1149 924 1252 magistris
941 1147 1072 1224 nostris

38 1263 65 1302 “
86 1261 468 1368 inpropridpersoni,
494 1277 530 1346 δι
560 1273 651 1347 dicit
681 1269 782 1343 mille
813 1263 990 1360 jocularia
1023 1265 1071 1340 de

34 1375 65 1426 ·“
89 1379 401 1490 Magistronostro
418 1382 622 1480 deGovei,
646 1403 755 1476 quem
782 1377 859 1476 ipse
889 1403 997 1454 vocat
1015 1382 1072 1455 Si·

37 1503 65 1548 “
87 1502 329 1598 napivorum:
354 1507 391 1577 dc
428 1502 474 1574 de
508 1495 695 1597 Magistro
729 1496 857 1571 nostro
904 1499 1075 1596 Picardo,

36 1619 64 1660 ‘⁶
85 1639 191 1718 quem
214 1639 324 1693 vocat
339 1619 470 1694 Pieam
482 1617 684 1715 garrulam,
709 1617 794 1710 quia
819 1611 953 1717 nescit,
983 1611 1072 1713 qnid

39 1735 64 1775 “
84 1735 180 1830 dicit,
204 1733 396 1836 &frangit
424 1735 485 1812 srbi
516 1738 630 1811 ctiam
648 1756 758 1831 caput
779 1735 824 1811 de
841 1739 1005 1833 garrire:
1030 1746 1068 1814 dc

39 1853 66 1894 “
85 1853 128 1930 de
137 1851 444 1932 illuminatiffimo
473 1847 658 1947 Magistro
687 1847 813 1924 nostro
840 1851 1070 1928 Maillardo:

39 1969 66 2014 “
88 1975 267 2068 denarrat,
295 1970 504 2068 quomodo,
530 1965 678 2059 quando
692 1963 803 2040 semel
820 1969 936 2042 mater
948 1968 1070 2046 nostra

36 2075 61 2128 “
83 2089 242 2165 Facultas
260 2087 331 2164 fuit
349 2109 475 2163 coram
491 2077 689 2160 Francisco
711 2083 829 2181 Rege,
855 2085 1070 2164 Cardinalet

38 2205 248 2280 “ridebant
274 2201 311 2278 se
336 2205 381 2280 de
417 2205 478 2298 eis,
507 2206 544 2276 δι
562 2201 742 2293 dicebant,
774 2201 910 2296 videte,
933 2205 1069 2299 videte,

38 2323 61 2363 ‘⁸
80 2295 266 2419 quomodo
280 2325 451 2423 Magistri
469 2321 585 2398 nostri
615 2317 698 2395 sunt
718 2323 851 2394 mucosr
878 2345 915 2396 et
936 2323 1038 2398 lutosi
1060 2351 1072 2401 ε

39 2436 62 2480 “
81 2435 241 2535 profecto
259 2441 334 2517 haec
348 2443 401 2520 est
427 2465 502 2518 nna
514 2440 689 2515 mirabilis
703 2437 931 2536 approbatio,
968 2439 1070 2538 quod

39 2557 63 2610 ⁸'
83 2558 246 2638 Sorbona
259 2577 336 2630 non
357 2550 477 2651 potest
506 2573 638 2626 errare.
688 2555 737 2628 Et
753 2550 854 2648 qudd
869 2577 960 2630 tunc
976 2579 1067 2632 unus

38 2670 64 2714 “
84 2677 236 2756 Curialis
255 2671 513 2750 rolensiacere
527 2671 744 2746 riderealios
760 2671 917 2769 quaesrvit
931 2675 1067 2774 dicens,
1161 2719 1163 2724 .

38 2777 63 2834 ¹¹
83 2815 143 2868 cur
157 2813 351 2888 nunquam
379 2811 526 2890 oportet
561 2791 683 2868 dicere
700 2790 764 2865 To
781 2789 967 2890 Magistris
996 2815 1066 2867 no-

37 2907 62 2958 ¹‘
82 2907 171 3008 stris,
192 2912 260 2989 sed
277 2908 417 3008 semper
435 2908 522 2996 Vos,
546 2907 659 2980 etiam
676 2909 700 2980 st
717 2931 794 2982 non
821 2911 935 2983 fitnisr
951 2910 1065 2986 unus?

37 3025 236 3127 “Propter
266 3027 460 3114 honorem,
485 3025 578 3099 dixit
612 3025 715 3118 alius,
746 3021 849 3120 juxta
882 3027 983 3121 illud,
1025 3051 1066 3102 a·

33 3139 56 3178 ’*
80 3163 180 3224 mant
197 3147 248 3221 ab
265 3141 472 3216 hominibus
503 3139 627 3214 vocari
653 3136 791 3229 Rabbi,
827 3163 892 3238 per
918 3143 1066 3219 humili-

34 3257 61 3305 “
80 3275 188 3338 tatem
207 3258 459 3338 Sorbonicam.
522 3257 615 3334 Non
637 3279 729 3348 non,
751 3257 844 3332 dixit
868 3261 969 3350 alius,
994 3285 1067 3359 ego

37 3371 61 3421 “
82 3375 177 3455 bone
194 3377 274 3456 scio
289 3399 397 3454 unam
421 3379 530 3452 aliam
552 3377 735 3454 rationem
751 3377 1068 3475 Tropologicamt

34 3491 60 3564 f‘
81 3497 168 3592 quia
185 3501 275 3575 srcut
288 3519 379 3578 unus
392 3493 504 3568 homo
518 3487 570 3564 est
587 3487 697 3570 taetus
712 3513 758 3566 ex
770 3515 923 3590 corpore
935 3499 970 3568 δι
985 3495 1066 3584 ani-

27 3603 62 3702 ‘iz‘
82 3605 527 3727 ffld,spcpnrp.lidagisser
542 3611 677 3718 noster,
710 3610 801 3712 ,quin
831 3613 943 3692 etiam
960 3639 1066 3692 onus

847 3789 872 3890 t‘
896 3789 1066 3894 nnima
