2520 4468
106 137 107 140 Ὺ
199 152 589 240 STEPHANI
628 155 884 245 smenon·
961 193 1042 275 299

111 313 200 376 Horror
209 309 248 392 ud
256 307 307 376 has
320 333 399 396 uoces
409 315 519 398 paiiora
535 333 634 390 centus
646 315 738 384 habet.

77 399 141 458 Nam
150 405 269 458 veterum
281 413 424 477 ausuum,
443 402 569 480 uumfim
579 400 752 492 colsune‘nque
759 402 879 496 fialcr'sqq,

108 479 208 540 Illorum
217 475 290 542 labes
301 467 491 569 perniciesque
502 508 591 570 uoces.

73 557 154 630 Turba
167 561 291 647 equidem
312 563 432 646 (fastor)
456 589 501 632 me
521 571 613 634 mulsa
630 569 749 658 pssfeffa
764 575 943 660 magistram,

105 644 248 740 Inscripta
259 649 370 712 illorum
384 652 530 739 perpetrat*
542 677 621 717 amne
640 659 741 733 nefas.-

40 786 52 793 ,
72 735 252 814 Atquemann
272 733 424 822 illudque
440 733 781 824 firntsaerataprofnnat,

104 815 190 895 Quam
201 814 248 876 vel
257 815 431 904 sacrilegam
445 823 536 887 dicere
547 827 718 912 jnrtqnqas.

68 901 117 961 set
123 901 218 986 gregis
230 901 342 980 illiursi
351 905 497 990 dicorjure
509 907 661 994 magistra,

103 981 134 1046 Si
145 985 222 1047 santi
231 985 460 1070 sceleriseonscia
473 993 632 1079 eredorego,

66 1068 272 1152 Nempefngnx
284 1071 388 1135 itidem
401 1073 440 1158 est
454 1079 544 1152 miles,
560 1082 707 1146 Mavortis
722 1082 865 1164 alumnus,

102 1151 144 1232 list
155 1153 257 1214 itidem
271 1157 385 1258 trepida
404 1157 522 1240 cordcius
536 1165 586 1226 ille
597 1166 679 1252 fuga.

62 1237 100 1301 Et
109 1236 264 1324 quicunque
277 1243 369 1306 malus
381 1260 437 1306 tusc
447 1245 617 1322 citharaedus
626 1253 658 1314 in
670 1247 741 1326 trbt,

101 1321 211 1383 Scilicet
230 1324 307 1384 illius
318 1325 416 1392 Phoebe
431 1333 564 1416 magister
574 1335 638 1400 eris.

61 1403 104 1468 Sic
117 1407 313 1470 maledicetur
323 1414 439 1477 textrix
453 1411 471 1478 i
484 1415 601 1481 Pallade
611 1421 701 1498 della,

98 1488 287 1577 Vulcanrisque
305 1497 412 1560 malum
425 1499 469 1578 stc
481 1501 738 1584 docuiffefabmm·

61 1571 233 1655 Dicendu'sne
247 1599 324 1645 meus
338 1583 494 1670 quicunque
504 1588 687 1676 typographus
700 1592 793 1672 andis,

97 1663 138 1721 Es
151 1659 268 1724 chartas
275 1665 421 1748 graphicis
433 1672 533 1756 implet
546 1671 651 1760 ubique
663 1675 755 1760 typis?
805 1749 806 1753 ,

62 1745 149 1829 Atqui
171 1741 262 1810 turba
275 1747 326 1829 istc
339 1754 425 1814 titula
436 1777 508 1825 nnnc
521 1753 763 1845 multasscperbit,

99 1831 163 1911 Qu
174 1835 367 1916 porcessnerit
373 1837 486 1920 pascere
499 1841 588 1938 digna
609 1843 715 1930 magefit.

59 1912 114 1990 Vix
126 1915 398 2000 neruncipfiasmnlti
418 1925 451 1986 de
462 1931 574 1990 nomine
588 1931 700 2010 Musas.

22 2047 25 2054 .
95 1999 153 2061 Vix
166 2016 273 2062 norum
282 2007 370 2083 Musis
381 2025 434 2070 aut
446 2011 583 2074 Helicona
588 2012 713 2089 finarum.

57 2081 130 2155 Quid
140 2083 202 2145 dice
217 2095 232 2148 ἓ
250 2085 335 2170 pudes
345 2089 388 2152 his
402 2087 476 2180 longi
490 2098 628 2180 grauiora
651 2103 771 2184 profari,

95 2176 191 2249 Atque
202 2165 301 2259 magis
310 2175 478 2262 poffintqua
488 2181 724 2265 steperarefidtm

54 2249 122 2312 Proh
134 2254 225 2338 pudor
239 2297 247 2326 ,
260 2252 350 2321 'hand
362 2281 443 2324 rarus
456 2283 567 2330 numero
582 2271 722 2352 reperitur
732 2273 764 2336 in
776 2273 833 2354 illa,

94 2339 233 2418 Nominis
247 2339 380 2430 igmrans
392 2347 453 2428 ipsa
467 2347 670 2430 elementasui.

52 2424 162 2500 Inune,
191 2416 232 2490 ὅ
245 2430 642 2505 utterurnfoedntavulnmina
655 2442 754 2510 multis

93 2508 212 2570 Misere
223 2529 262 2570 ac
274 2513 372 2574 multis
383 2533 571 2583 contemernta
583 2525 690 2588 modis:

49 2575 179 2675 Agmr'nei
185 2591 363 2679 scriptorum
370 2600 514 2687 graphicos
529 2601 565 2672 ὅ
578 2611 670 2678 mulsa
682 2633 813 2681 muttum

92 2672 166 2753 (Hoc
180 2675 233 2755 est,
262 2699 401 2764 nugarum
415 2687 549 2769 plaustra)
570 2691 675 2774 dediffe
688 2713 774 2781 typos.

38 2758 130 2842 ,Qud
141 2762 282 2826 mirume
308 2783 341 2830 ut
361 2788 445 2832 eacus
457 2773 590 2850 discernit
602 2799 683 2842 nemo
701 2784 807 2864 colotes,

89 2849 206 2913 Horum
221 2844 357 2926 discernis
363 2853 406 2928 fic
420 2874 525 2942 qnoque
539 2857 624 2926 turba
635 2861 719 2932 nihil.
801 2863 805 2872 ⁴

44 2923 152 3008 (Fallat
166 2950 229 3015 ego.
252 2950 318 2996 ntra
326 2933 486 3024 minusque
495 2947 610 3030 pagina,
636 2954 791 3036 quaquests
804 2951 878 3032 alba,

88 3017 169 3090 Hac,
202 3015 311 3090 fateor,
341 3041 421 3085 cecos
440 3047 471 3087 re
479 3025 616 3115 stuperare
629 3037 744 3118 queunt)

42 3099 231 3185 Audiofiepe
244 3100 308 3164 illas
322 3099 358 3170 ὅ
366 3107 454 3188 vestm
475 3132 512 3174 ex
525 3135 569 3174 ose
578 3119 714 3202 querelas,

56 3227 59 3234 ,
85 3189 116 3244 0
135 3186 228 3272 queis
241 3185 342 3272 lingna
356 3192 388 3252 in
400 3213 445 3254 me
453 3195 522 3272 fele
534 3199 647 3264 madere
654 3200 734 3279 solet.¹

38 3267 156 3351 Qalia
163 3267 228 3347 fied
239 3268 272 3330 dt
286 3271 343 3335 illis
355 3277 495 3344 vorandis
506 3279 581 3370 stupe
591 3304 744 3372 querentes,

84 3356 183 3416 Talia
197 3352 236 3415 dc
247 3351 430 3436 uobisdisc'ite
440 3365 511 3450 quis
521 3388 555 3430 ue
563 3373 654 3454 queri.

38 3439 174 3523 Nunque
204 3437 289 3544 (quod
302 3441 454 3528 indignum
475 3385 526 3530 eli)
547 3475 660 3522 numero
674 3459 789 3540 censetis
802 3468 892 3532 cedens

39 3526 42 3534 '
81 3519 392 3610 Artificesqucmalcs‚
413 3531 686 3684 artfficcssquebonos.

36 3609 141 3692 Aequi
154 3607 288 3683 nostrum
302 3613 432 3696 equidem
444 3617 524 3683 meus
553 3625 738 3704 icensentur:
758 3636 847 3714 atilli

40 3692 43 3698 ’
80 3695 168 3755 Sunt
183 3689 340 3770 mihifirnt
348 3698 422 3774 seclo
435 3703 549 3768 dedecus
562 3727 647 3798 atque
657 3715 754 3796 pudor.

31 3777 82 3844 Hi
94 3792 213 3861 nempe
228 3776 281 3854 effe
295 3783 602 3862 mei'maritldieentns
614 3795 734 3878 alumni,

34 3863 38 3877 “
79 3861 133 3924 Hi
145 3880 226 3924 mea
238 3883 305 3929 ensa
319 3869 390 3952 viri,
410 3871 654 3962 deliciaeqnerneae,
911 3899 1044 3986 cruxque
