2580 4478
229 199 631 300 STEPHANl'
661 211 940 305 sacuam:
993 241 1085 332 415

49 358 301 442 Theocritum
315 364 627 446 emendationibus
652 368 831 465 locorum
854 355 979 466 quiin
1007 375 1086 449 edi·
1137 393 1143 404 ·

49 487 153 562 tione
169 473 367 564 Poetarum
392 487 642 566 Hernicorum
660 487 879 590 praetermissa
896 485 990 568 sunt.
1035 494 1086 572 ln

49 609 324 708 prolegomenis
348 601 425 710 agit
457 611 505 686 de
541 607 755 688 discrimine
792 614 890 690 inter
920 615 1085 689 carnaim

53 728 309 804 Theocriti&
332 725 483 828 Virgilii
504 733 676 811 Bucolica
688 763 706 827 .,·
731 731 778 808 ln
798 729 886 823 fine,
909 725 1087 832 Virgilia-

52 867 119 922 nas
132 842 421 947 &jNasonianas
437 849 636 926 Theocriti
649 850 873 926 imitationes
901 845 1086 945 observat,

49 970 86 1042 ὅτ
106 968 185 1049 fere
208 971 345 1068 ubique
360 967 462 1046 suam
485 968 652 1046 locorum
672 969 871 1046 vernonem
887 971 925 1042 da
940 967 1086 1046 Eobani

49 1085 151 1166 Helii
177 1092 310 1188 (quam
326 1091 438 1168 nimis
459 1089 613 1166 liberam
645 1091 768 1188 putat)
791 1085 933 1165 inserit.
982 1087 1086 1165 Huic

52 1211 206 1290 editioni
224 1211 361 1312 adjecit
391 1207 541 1292 Moschi
565 1217 602 1288 da
634 1209 759 1288 Bionis
789 1210 925 1309 idyllia
948 1207 1089 1286 Latinis

52 1331 237 1411 rerfibutd
258 1333 458 1430 Politiano,
483 1326 684 1410 Laurentio
697 1329 893 1430 Gaphara,
930 1329 1088 1409 Eobano

52 1449 179 1547 nesso,
204 1453 278 1530 &a
295 1453 332 1530 se
349 1455 521 1551 reddita3
569 1455 661 1535 item
693 1443 883 1544 Poematia
902 1455 1087 1528 variorum

54 1573 247 1653 Poetarum
264 1577 507 1675 Graecotum'3
534 1573 689 1655 Ausonii
702 1579 815 1652 etiam
841 1575 888 1654 de
917 1571 1002 1652 Viti
1019 1573 1088 1647 hu*

54 1694 158 1772 mand
169 1696 346 1797 Idylliutn
363 1695 387 1774 d
403 1697 579 1774 Federico
598 1697 763 1793 Jamotio
793 1680 920 1772 Graecd
938 1695 1091 1793 elegan.

55 1833 106 1891 ter
129 1811 366 1914 expressum3
390 1841 435 1894 ac
460 1815 659 1897 secundam
693 1815 874 1912 Propertii
905 1835 952 1890 ex
970 1813 1033 1888 lib.
1051 1825 1085 1888 21.

56 1937 207 2036 elegiam
240 1931 325 2014 cuni
349 1933 412 2016 lua
442 1939 576 2020 Graeci
601 1937 934 2032 interpretatione,
960 1935 1079 2028 qualis

59 2057 219 2134 venetiis
245 2064 283 2134 δι
311 2057 436 2158 postea
465 2059 596 2161 Brugis
621 2057 718 2134 edita
746 2054 872 2130 suerat.
921 2053 1084 2145 RenamS

58 2179 216 2279 Rapinus
241 2177 349 2273 (edit.
370 2189 473 2276 ¹672·
493 2205 528 2279 p.
548 2177 746 2274 189.190.)
771 2175 812 2252 in
843 2169 904 2249 sua
931 2173 979 2249 de
1004 2196 1087 2248 carev

59 2302 152 2375 mine
168 2295 347 2376 Pastorali
365 2299 614 2378 dissertatione
628 2294 871 2374 Theocritum
887 2293 909 2368 d
924 2294 1091 2394 Virgiliov

59 2415 260 2517 superatum
304 2424 433 2498 “tam
463 2419 617 2498 fidenter
651 2419 829 2496 affirmare
859 2443 937 2496 non
965 2422 1100 2518 audetp=

60 2543 85 2579 “
111 2539 221 2636 quim
234 2537 352 2637 Julius
365 2543 540 2642 Scaliger,
561 2567 674 2640 quem
688 2541 934 2640 injudicando
948 2569 989 2620 ut
1003 2546 1086 2646 plu·

9 2751 10 2754 Ἴ
57 2659 234 2734 “timum
259 2663 367 2738 nimis
400 2661 627 2760 praecipitem
655 2661 788 2740 meriti)
822 2656 974 2737 censent
1000 2687 1085 2740 eru·

9 2791 10 2816 ³
59 2777 85 2815 “
104 2777 191 2850 diti:
216 2771 416 2878 scribitque
427 2781 472 2856 de
491 2803 646 2876 utroque
660 2777 776 2856 multo
791 2777 905 2875 magis
924 2777 1084 2871 pruden-

59 2896 85 2934 “
108 2917 162 2974 ter
177 2895 354 2992 judicasse
386 2897 593 2976 Henricum
622 2896 859 2993 Stephanum,
885 2893 1081 2986 quineutti

9 3029 15 3120 ᾗ
57 3018 264 3114 “palmam
292 3021 496 3095 concedere
528 3015 628 3120 posse
658 3015 898 3105 existimabat,
931 3013 1087 3108 quiade

58 3137 84 3174 “
107 3137 282 3214 alterutro
305 3137 398 3216 mald
427 3153 652 3210 mereretur:
695 3131 737 3204 in
761 3153 836 3226 quo
851 3127 990 3207 scilicet
1004 3153 1086 3207 erat

30 3243 82 3294 ‘¹‘
104 3256 334 3355 relligiosus,
359 3255 471 3354 quam
504 3273 561 3329 res
595 3249 691 3326 serre
722 3249 934 3326 videbatur:
960 3249 1084 3326 exilii-

9 3447 11 3454 ,
58 3377 93 3419 «-
107 3383 230 3456 mahat
249 3402 373 3456 tamen
396 3377 661 3478 simplicitatem
671 3373 866 3451 Theocriti
882 3370 993 3472 longe
1009 3369 1084 3447 esse

60 3501 85 3538 “
107 3498 336 3578 rusticiorem
346 3497 456 3594 quim
471 3482 630 3605 Virgilii,
639 3492 988 3592 illquuettlbuere
1004 3492 1086 3588 ple·

60 3614 86 3658 “
108 3646 220 3720 taque
248 3621 446 3720 pastoribus
475 3615 570 3707 suis,
607 3641 685 3714 quae
713 3616 900 3693 Romanos
928 3609 1088 3712 pastores

59 3735 239 3840 Pdeoere
266 3741 418 3825 minime
455 3737 661 3841 potuissent.
725 3735 882 3814 Hentici
907 3731 1087 3915 Stephabrzi
1181 3767 1187 3777 ·

973 3852 1033 3906 rer
