2592 4480
199 115 584 224 STEPHANI
621 125 890 234 saeuior:
965 170 1045 270 395

52 280 108 344 ciica
121 277 255 344 resborris
265 282 353 342 literis
366 281 498 356 perutiles
508 281 615 345 caretis
636 281 807 368 satisfaciam¹
827 287 976 361 omnibus,
998 277 1067 369 ipsa,

51 358 287 438 mihinequaquam
301 357 459 423 satisfacio:
479 362 527 423 sed
550 361 680 440 quotidie
705 371 770 427 cum
789 363 857 425 serre
869 365 921 427 illo
943 367 1057 436 Teren·

51 435 311 514 iianoqueribuodus
330 437 408 512 dico,
429 439 493 512 Me,
518 457 658 516 quantum
684 445 776 519 operis
797 443 899 504 faciam
923 449 1052 520 poenitet.

25 553 27 560 ,
50 514 220 578 hotenmerr
240 514 413 594 festinando,
430 515 532 594 scripta
543 517 697 591 Plutarchi,
717 519 855 598 limrilque
872 521 1053 588 Thesaurum

51 593 132 655 Graeca
142 591 256 670 lingua,
276 591 339 670 (qui
353 587 419 656 libri
432 595 567 671 praecipui
581 593 648 658 sunt
661 598 735 658 inter
754 619 801 658 eos
814 605 885 676 quos
899 619 978 663 nunc
999 604 1053 665 sub

52 669 222 747 prelobabeo)
241 673 359 734 tandem
374 673 411 734 ed
430 675 572 749 perduxi,
591 677 625 735 ut
647 674 728 736 brevi
752 683 871 738 manum
897 695 1055 746 extremam

49 746 144 810 editioni
156 751 304 810 amborum
324 750 524 826 impositurum
538 773 586 812 me
598 750 718 828 sperem.
732 751 828 814 Venio
838 757 874 815 ad
888 759 1053 822 curiosiores

48 823 114 904 ilat,
144 825 173 888 ui
183 825 220 888 de
240 826 346 888 suturis
364 848 479 908 quoque
497 828 639 892 laboribus
651 839 698 892 me
709 829 896 908 interrogant.
936 835 1052 902 Horum‘

48 846 225 980 egodeiidetio
247 908 281 966 el
293 905 358 983 lege
371 927 482 968 morem
495 926 602 984 geram,
621 925 654 970 ut
678 927 769 986 quum
795 913 831 970 de
851 913 993 973 laboribus
1015 919 1053 976 ad

48 995 151 1059 quosue
163 983 271 1060 primos
282 985 414 1062 accingo,
437 983 466 1045 δι
488 1005 559 1062 quos
572 986 740 1062 jampridem
765 1004 863 1048 mente
884 993 974 1066 agito,
993 1013 1054 1053 cer-

47 1059 137 1124 tioresi
148 1081 193 1124 me
205 1061 275 1122 freti
287 1061 406 1136 fuerint,
424 1084 472 1122 me
497 1063 614 1126 vicissim
638 1063 687 1138 ipsi
705 1065 741 1124 de
752 1069 832 1127 omni
848 1085 904 1142 ope
915 1088 999 1146 quam
1024 1071 1056 1132 se'

47 1137 101 1198 ltrihi
112 1138 141 1198 ad
154 1159 203 1202 eos
217 1139 351 1232 praestare
364 1139 439 1218 polle
452 1140 625 1217 existimant,
648 1143 800 1226 certiorem
821 1145 913 1220 primo
935 1153 1055 1225 quoque
1142 1197 1147 1210 .

49 1221 150 1290 iempore
171 1217 288 1298 sanant,
328 1219 474 1280 Strabonis
493 1221 581 1298 igitur
605 1241 690 1297 opera
715 1221 824 1283 caeteris
852 1221 1055 1292 hilioticorutr'r¹

49 1295 206 1356 monimentis
225 1294 331 1372 partim
346 1295 452 1374 ipatrc
464 1317 541 1368 meo,
561 1301 663 1372 partim
681 1299 697 1358 ai
722 1319 770 1360 me
783 1300 877 1374 editis,
896 1301 1056 1386 adjungere*

49 1371 200 1436 melittuilse
226 1373 372 1451 profiteor.
400 1376 463 1436 -Ae
487 1394 613 1454 quorum
639 1377 866 1442 emendatiorem
892 1381 1054 1448 editionem

48 1451 223 1526 inaurienda-
243 1464 333 1529 pauca
355 1453 461 1516 vetusti
486 1454 601 1533 codices
624 1456 797 1516 adminicula
821 1456 1050 1535 subministrent,

47 1526 106 1602 plura
120 1530 242 1592 moreni
265 1551 312 1592 me
325 1529 472 1612 desiderati
498 1532 699 1594 noninlicior.
740 1534 872 1596 Praeterea
886 1537 955 1596 verd
974 1558 1049 1616 quo·

47 1603 104 1670 sum
113 1609 191 1670 multi
203 1611 263 1684 jam
280 1625 370 1686 poetas
391 1629 427 1670 ex
444 1598 562 1674 officiosi
586 1597 651 1672 med
665 1609 840 1686 prodierunt,
858 1612 895 1674 de
908 1612 1054 1680 Atheneo·

47 1683 146 1750 mam&
167 1683 284 1750 Stobaeo
307 1688 482 1770 excudendis
506 1691 614 1763 cogito,
638 1691 688 1770 qui
711 1707 770 1752 tam
792 1693 891 1764 multa,
910 1708 969 1754 tam
988 1696 1051 1756 ele-

47 1761 135 1841 gantia.
165 1781 221 1826 tam
248 1769 406 1829 multorum
430 1771 579 1844 poetarum
600 1771 756 1848 fragmenta
789 1768 902 1832 lr'aberrt.
956 1775 1050 1836 Statui

47 1843 328 1924 anluqoacun'que
352 1845 428 1920 apud
453 1845 612 1910 aliosalios
625 1866 737 1908 autores
760 1865 867 1916 extant,
887 1849 1050 1924 colligenda

47 1937 128 1983 otiare.
162 1921 208 1988 Ad
222 1921 447 2000 Aristophanem
461 1927 530 1987 verd
545 1923 747 1986 excudendum
770 1927 816 1983 vel
829 1923 888 1998 ipse
900 1933 1052 1988 commend

45 1995 113 2060 larius
120 2001 229 2066 Gratus
241 2023 290 2082 me
303 2001 432 2080 impellet
445 2001 565 2076 fortasse,
584 2003 615 2064 in
639 2022 699 2078 quo
713 2004 804 2064 multa
817 1997 889 2076 posse
900 2006 1049 2068 reconciti-

46 2077 101 2148 uari,
117 2096 191 2161 atque
205 2079 244 2142 ita
256 2081 348 2156 longe
361 2081 506 2144 utiliorem
532 2081 613 2142 reddi
638 2078 782 2140 existimo.
821 2082 985 2159 Antequam
998 2104 1049 2144 au·

46 2169 92 2216 tem
101 2156 245 2222 aditionem
258 2160 346 2220 ullius
369 2159 528 2234 philosophi
553 2159 708 2239 aggrediar,
728 2155 868 2236 Diogenis
889 2161 1052 2232 Laertiilde
1079 2227 1083 2232 ,
1113 2175 1116 2181 “

46 2230 219 2305 νίιίειείὶᾶἰε
231 2234 468 2313 philosophorum
487 2239 575 2300 libros
587 2240 671 2298 edere
685 2237 810 2310 decrevi,
841 2237 871 2297 in
883 2257 969 2316 quem
987 2257 1048 2304 tana
1073 2247 1076 2250 '
1130 2265 1138 2286 ·

46 2310 325 2396 nuosalligationes
345 2315 446 2388 habeo,
468 2331 572 2378 utnon
593 2314 686 2378 multu
700 2315 953 2389 pluresdesrdcrari
965 2317 1051 2378 debe·

46 2405 89 2464 uu,
104 2391 204 2456 sutasse
216 2409 315 2456 autem
330 2413 385 2455 nec
403 2395 528 2456 inveniri
540 2395 647 2472 queant
695 2393 856 2454 Lucianum
873 2395 958 2454 etiam
974 2397 991 2457 d
1000 2415 1049 2458 me

46 2465 134 2533 eumn
145 2471 179 2534 iri
194 2472 289 2550 spero,
307 2469 474 2552 scriptorem
489 2493 550 2536 nora
562 2489 622 2534 tam
636 2471 819 2546 depravatum
830 2471 946 2549 qrridem
959 2471 1048 2552 quim

46 2545 145 2627 plerique
156 2551 214 2626 alii,
234 2551 420 2626 depravatum
433 2569 547 2612 tamen:
587 2549 636 2612 sed
661 2569 696 2610 ex
710 2550 793 2623 cujus
811 2547 933 2612 ludione
956 2555 1049 2628 major

45 2625 111 2696 quim
121 2631 224 2708 vulgus
237 2628 336 2692 credat
349 2629 454 2706 percipi
468 2627 548 2704 poffit
558 2629 674 2690 utilitas.
709 2625 749 2688 Ex
764 2629 952 2703 grammaticis
964 2633 1049 2705 porto

43 2701 129 2780 scriptis
149 2705 237 2773 nostri
263 2705 410 2782 temporis,
429 2708 526 2768 Budaei
548 2705 779 2767 Commentarios
804 2707 1053 2788 lingueffssraeoae,

43 2775 152 2854 (quorum
167 2781 309 2848 variilo'ci
328 2783 344 2846 d
365 2805 412 2846 me
430 2785 581 2848 examinati
597 2780 770 2857 fuerunt)&
793 2778 1048 2860 Erasmilmdagio·

43 2859 250 2934 enchiriadis,
268 2879 338 2924 cum
364 2865 436 2924 meis
459 2862 748 2925 animaduersionibus
761 2859 854 2921 multu
868 2855 1054 2938 rudioribus,

42 2936 129 3000 uadem
147 2943 227 3016 prelo
237 2941 270 3001 in
280 2940 376 3002 animo
388 2941 557 3017 iampridem
570 2939 669 3001 habeo.
709 2934 845 3020 Quanvis
858 2955 953 2998 autem
967 2939 1050 3000 Grae·

42 3016 231 3092 corsoiptores
250 3015 327 3096 rinus
348 3019 548 3094 recensuerim,
575 3015 691 3080 sortasse
712 3033 808 3080 tamen
832 3020 931 3078 edium
956 3017 1052 3081 editio

42 3091 155 3172 psterior
165 3097 221 3158 erit
235 3095 340 3158 horum
352 3097 442 3158 trium
465 3097 635 3158 Latinorum
663 3095 802 3167 editione,
820 3094 867 3154 M.
881 3089 975 3158 Tullii
999 3097 1051 3160 Cis
1137 3142 1140 3152 ·
1165 3131 1170 3138 ·

41 3172 138 3243 aaa,
154 3172 220 3236 'ria
232 3173 333 3246 Livii,
351 3173 446 3236 erinis.
488 3173 608 3248 Quibus
629 3173 740 3236 Auium
761 3172 901 3243 ceritum,
918 3194 972 3235 nee
984 3145 1169 3260 „wlsi

41 3244 200 3326 Macrobium
213 3251 317 3312 addere
325 3250 418 3314 statui.
457 3251 517 3328 lam
533 3251 600 3314 verd
614 3252 692 3330 quod
715 3251 749 3312 ad
763 3269 824 3311 mea
836 3251 919 3326 ipsius
942 3248 1048 3328 scriptg'
1071 3257 1082 3276 -v
1120 3273 1122 3277 ,
1184 3247 1194 3260 ,,

25 3327 130 3414 ,atinae
148 3347 238 3421 quem
248 3329 277 3392 dt
298 3319 370 3394 olim
392 3330 611 3423 polliciturum
635 3327 679 3421 De
696 3329 857 3407 originibus
872 3329 1046 3421 mendorum

40 3401 147 3480 labrum,
176 3407 333 3484 ahquando
351 3407 469 3471 tandem
493 3411 521 3470 dt
540 3407 633 3500 ipsum
651 3429 683 3469 in
705 3411 799 3470 lucem
810 3409 925 3483 prodire
942 3406 1046 3500 filum<

40 3465 160 3574 loliremd
186 3487 328 3546 elaborata
355 3485 371 3546 a
396 3487 514 3564 parre&
538 3486 612 3548 edita
637 3505 735 3577 opera,
757 3501 881 3564 quorum
904 3485 1046 3580 editiones

41 3571 266 3638 tuprorenovare,
283 3561 343 3637 (sed
364 3584 432 3626 cum
456 3568 489 3626 et
508 3566 535 3625 dr
557 3567 780 3654 locupletatione
797 3565 835 3638 p&
848 3575 1046 3652 recognitione

41 3642 91 3712 φτ
101 3639 432 3716 ab'eo'i'psoexpeiianda
451 3641 554 3714 suiffet,
573 3641 595 3702 li
613 3660 701 3702 vitam
715 3643 759 3702 ills
773 3639 851 3731 Deus
865 3638 1045 3732 prorogasses)

41 3713 229 3784 misaelis
253 3717 440 3799 potitiorum,
460 3719 622 3798 Thesaurus
644 3721 751 3800 linguae
776 3709 896 3801 latrina,
914 3717 1046 3804 &Diels-

512 3795 545 3859 Η
917 3793 1052 3860 maium*
