2564 4476
185 151 265 254 ιμ’
380 143 508 232 vim
523 127 727 234 citou
744 143 1026 236 murteum*

182 303 343 381 nenlrum
365 295 551 409 historiam
574 293 718 395 redegit
742 294 784 371 in
805 297 1083 396 compendium,
1113 305 1227 378 com-T
1279 277 1281 342 l

183 421 306 524 posuit
328 417 558 496 itinerarium
583 413 907 517 Gallicani-Regni
931 441 1016 496 curn
1031 421 1227 522 Catalogo

183 547 391 640 fluviorum,
415 549 426 578 ⁸
445 541 543 640 aliud
569 537 672 636 iuxta
693 540 896 618 Antonini
919 544 1112 640 exemplar
1138 568 1228 642 pro-

184 670 292 762 misit,
325 665 492 741 nondum
524 664 675 741 editum.
743 663 854 742 Plura
885 663 1003 739 Index
1043 663 1230 743 librorum
1280 675 1281 680 ’

104 801 106 805 ·
184 782 437 883 suppeditabit.
486 783 581 857 Eum
609 787 646 860 δε
667 783 850 877 Jacobum
875 781 924 856 du
945 781 1031 857 Puis
1046 779 1173 859 socios
1188 787 1231 862 in

186 901 385 984 excusetiis
425 898 623 998 sumptibus
658 895 763 976 luill'e
781 963 783 968 .
798 899 942 978 constat
976 921 1023 975 ex
1056 903 1230 980 editione

187 1023 835 1122 Dinionariitatinogalliei.1561.
917 1056 921 1066 ·
1067 1036 1069 1042 ’

237 1221 377 1297 Catulo
409 1217 596 1320 Stephano
622 1219 747 1297 fratres
765 1215 944 1296 Robertus
959 1216 1230 1298 &franciscus

189 1343 230 1414 in
268 1337 345 1434 ejus
384 1339 552 1436 operibus
582 1339 628 1412 ad
659 1361 735 1412 rem
765 1335 936 1412 rusticam
964 1335 1233 1437 speetantibus,

189 1455 326 1554 notisq3
353 1459 394 1532 in
415 1459 584 1534 Terentii
611 1457 790 1542 Andriam
813 1457 1030 1534 excudendis
1051 1455 1233 1535 inservie-

189 1599 286 1654 runt.
334 1580 488 1654 Carolus
516 1579 718 1654 Bibliorum
754 1577 994 1654 Hebraeorum
1020 1579 1232 1654 editionem

116 1771 118 1783 ¹
191 1697 333 1788 videtur
343 1700 383 1772 in
399 1697 522 1772 animo
540 1695 712 1786 habuiile,
734 1685 818 1770 cum
830 1696 991 1772 Genesrn
1008 1718 1119 1772 anno
1137 1705 1231 1796 155'6

191 1813 397 1908 excuderet
421 1817 612 1916 integrum
622 1819 911 1902 Pentateuchum
928 1817 972 1906 ab
992 1839 1039 1892 eo
1051 1813 1229 1908 excusum

191 1937 323 2016 author
340 1938 391 2016 est
408 1949 418 2018 ².
435 1923 597 2016 Andreas
615 1936 826 2048 Chetillier.
843 2036 845 2044 Ι

243 2133 425 2208 ³Carolus
450 2135 585 2207 Paridis
599 2134 691 2208 obiit
708 2157 807 2210 anno
830 2127 934 2230 1564ss
958 2135 998 2208 in
1016 2133 1129 2230 cujus
1158 2137 1230 2210 edi-

192 2256 351 2332 tionibus
381 2277 454 2330 tam
481 2257 580 2328 varia
613 2275 649 2328 et
669 2257 830 2352 expolita
854 2249 1232 2352 spetiatureruditin

192 2401 269 2453 tam
293 2377 426 2452 nitidus
453 2379 488 2450 br
516 2377 734 2452 emaculatus
760 2362 956 2469 character,
992 2393 1034 2448 ut
1053 2377 1232 2476 srTypo-

192 2521 274 2574 rum
290 2515 413 2582 cernas
432 2495 665 2592 elegantiam,
691 2495 808 2569 nullos
837 2492 1004 2566 habuerit
1020 2491 1232 2592 Typogra·

191 2616 283 2718 phos
307 2611 532 2712 superiores‚·
558 2614 801 2688 fidotstrinam
817 2619 851 2688 br
872 2609 1101 2704 industriam,
1114 2616 1233 2686 etiam

193 2733 409 2812 dodtillrmos
441 2738 633 2832 aquaverit
659 2766 672 2830 3
710 2736 860 2811 sibreve
886 2733 1003 2829 (quod
1019 2731 1234 2832 Typogra-

193 2849 300 2954 phire
315 2859 512 2956 impendit)
554 2859 726 2953 temporis
749 2853 917 2952 spatium,
951 2853 1132 2927 librorum
1157 2858 1236 2929 edi-

195 3001 315 3054 torum
350 3001 502 3056 numero
533 2975 675 3053 cesserit
703 2973 925 3074 paueiffimis'
943 3005 970 3050 .··
1004 2977 1238 3073 neutiquam

194 3100 293 3174 certi
319 3102 340 3177 e
368 3098 509 3175 familia
523 3095 590 3174 sua
605 3099 768 3174 laudibus
789 3097 949 3196 degener
964 3083 1086 3194 fuerit.
1133 3094 1236 3175 ¹Mo-

193 3213 407 3298 rosusfuilie
425 3223 642 3298 ereditur-ex
661 3221 821 3320 Epistol-i.
838 3202 1065 3294 Maumontii
1093 3222 1143 3295 ad
1158 3223 1237 3316 Jul.

235 3401 246 3432 ¹
268 3385 374 3461 Almel.
395 3418 423 3476 p.
440 3413 484 3472 ις.
501 3419 536 3462 ex
551 3401 607 3462 Mt.
622 3399 647 3467 la
667 3397 752 3460 Croix
774 3397 816 3458 du
838 3399 947 3461 Maine.
989 3400 1001 3463 ἶ
1029 3391 1063 3460 L'
1078 3399 1176 3480 Orig.
1199 3405 1237 3465 de

190 3469 300 3550 l‘Impr.
317 3498 343 3550 p.
356 3493 422 3552 297.
433 3478 550 3540 charles
563 3477 695 3540 Estienne
710 3477 737 3546 se
751 3478 852 3555 fipnela
863 3475 1121 3558 dansl'imptellion
1138 3483 1236 3544 d'He·

194 3551 263 3616 breu
275 3553 342 3615 tulli
357 3555 421 3617 bien
441 3577 496 3636 que
514 3553 564 3617 son
577 3549 652 3618 frere
666 3554 786 3617 Robert.
806 3557 831 3616 11
845 3555 977 3631 imprimo
989 3555 1016 3622 le
1029 3560 1235 3632 Pentateutbe

194 3625 363 3740 11141546.
385 3633 510 3746 (repone
525 3631 628 3713 1556.)
659 3633 810 3710 {llistoire
824 3634 860 3697 de
873 3633 892 3698 1'-
910 3631 1001 3728 impp
1013 3683 1027 3720 ἵ.
1128 3713 1132 3722 Ι
1200 3634 1206 3650 “

1149 3804 1233 3858 rum
