<?xml version="1.0" encoding="UTF-8"?>
<!DOCTYPE html PUBLIC "-//W3C//DTD XHTML 1.0 Transitional//EN"
    "http://www.w3.org/TR/xhtml1/DTD/xhtml1-transitional.dtd">
<html xmlns="http://www.w3.org/1999/xhtml" xml:lang="en" lang="en">
 <head>
  <title>
</title>
<meta http-equiv="Content-Type" content="text/html;charset=utf-8" />
  <meta name='ocr-system' content='tesseract 3.04.00' />
  <meta name='ocr-capabilities' content='ocr_page ocr_carea ocr_par ocr_line ocrx_word'/>
</head>
<body>
  <div class='ocr_page' id='page_1' title='image "./stephanorumhist00maitgoog_0215.png"; bbox 0 0 2564 4476; ppageno 0'>
   <div class='ocr_carea' id='block_1_1' title="bbox 228 173 1085 286">
    <p class='ocr_par' dir='ltr' id='par_1_1' title="bbox 228 173 1085 286">
     <span class='ocr_line' id='line_1_1' title="bbox 228 173 1085 286; baseline -0.004 -25"><span class='ocrx_word' id='word_1_1' title='bbox 228 173 904 266; x_wconf 66' lang='lat' dir='ltr'>STEPHANtsr&#39;Eu&#39;nnt.</span> <span class='ocrx_word' id='word_1_2' title='bbox 985 201 1085 286; x_wconf 75' lang='lat'>197·</span> 
     </span>
    </p>
   </div>
   <div class='ocr_carea' id='block_1_2' title="bbox 17 317 1157 2548">
    <p class='ocr_par' dir='ltr' id='par_1_2' title="bbox 17 317 1157 2548">
     <span class='ocr_line' id='line_1_2' title="bbox 68 317 1084 428; baseline 0.007 -31"><span class='ocrx_word' id='word_1_3' title='bbox 68 345 100 398; x_wconf 92' lang='lat' dir='ltr'>ut</span> <span class='ocrx_word' id='word_1_4' title='bbox 108 321 189 428; x_wconf 74' lang='lat' dir='ltr'>ipone</span> <span class='ocrx_word' id='word_1_5' title='bbox 199 317 318 406; x_wconf 77' lang='lat' dir='ltr'>vivant</span> <span class='ocrx_word' id='word_1_6' title='bbox 328 329 460 426; x_wconf 63' lang='lat' dir='ltr'>liberii</span> <span class='ocrx_word' id='word_1_7' title='bbox 486 325 673 428; x_wconf 85' lang='lat' dir='ltr'>magisque</span> <span class='ocrx_word' id='word_1_8' title='bbox 683 327 841 425; x_wconf 81' lang='lat' dir='ltr'>corpori,</span> <span class='ocrx_word' id='word_1_9' title='bbox 868 329 1084 424; x_wconf 79' lang='lat' dir='ltr'>quodcum</span> 
     </span>
     <span class='ocr_line' id='line_1_3' title="bbox 61 441 1067 545; baseline 0.008 -33"><span class='ocrx_word' id='word_1_10' title='bbox 61 441 516 542; x_wconf 85' lang='lat' dir='ltr'>pecudibuscommuneest,</span> <span class='ocrx_word' id='word_1_11' title='bbox 540 444 755 545; x_wconf 86' lang='lat' dir='ltr'>saginando,</span> <span class='ocrx_word' id='word_1_12' title='bbox 792 441 902 540; x_wconf 76' lang='lat' dir='ltr'>quim</span> <span class='ocrx_word' id='word_1_13' title='bbox 922 445 1067 539; x_wconf 75' lang='lat' dir='ltr'>anima,-</span> 
     </span>
     <span class='ocr_line' id='line_1_4' title="bbox 60 561 1065 664; baseline 0.009 -33"><span class='ocrx_word' id='word_1_14' title='bbox 60 577 127 652; x_wconf 81' lang='lat' dir='ltr'>qua</span> <span class='ocrx_word' id='word_1_15' title='bbox 139 563 269 642; x_wconf 75' lang='lat' dir='ltr'>colitur</span> <span class='ocrx_word' id='word_1_16' title='bbox 282 567 399 664; x_wconf 81' lang='lat' dir='ltr'>floruit,</span> <span class='ocrx_word' id='word_1_17' title='bbox 424 567 594 642; x_wconf 74' lang='lat' dir='ltr'>ornanda</span> <span class='ocrx_word' id='word_1_18' title='bbox 610 561 821 646; x_wconf 83' lang='lat' dir='ltr'>inserviunt.</span> <span class='ocrx_word' id='word_1_19' title='bbox 838 567 970 662; x_wconf 80' lang='lat' dir='ltr'>Opera</span> <span class='ocrx_word' id='word_1_20' title='bbox 982 588 1065 661; x_wconf 84' lang='lat' dir='ltr'>pre-</span> 
     </span>
     <span class='ocr_line' id='line_1_5' title="bbox 25 673 1066 779; baseline 0.012 -33.417"><span class='ocrx_word' id='word_1_21' title='bbox 25 673 136 749; x_wconf 89' lang='lat' dir='ltr'>tium</span> <span class='ocrx_word' id='word_1_22' title='bbox 152 679 201 756; x_wconf 86' lang='lat' dir='ltr'>est</span> <span class='ocrx_word' id='word_1_23' title='bbox 218 683 351 760; x_wconf 87' lang='lat' dir='ltr'>audire</span> <span class='ocrx_word' id='word_1_24' title='bbox 358 683 668 778; x_wconf 79' lang='lat' dir='ltr'>&#39;rQuintiiianum</span> <span class='ocrx_word' id='word_1_25' title='bbox 682 681 726 756; x_wconf 89' lang='lat' dir='ltr'>de</span> <span class='ocrx_word' id='word_1_26' title='bbox 737 681 841 761; x_wconf 82' lang='lat' dir='ltr'>molli</span> <span class='ocrx_word' id='word_1_27' title='bbox 851 679 919 756; x_wconf 77' lang='lat' dir='ltr'>isti</span> <span class='ocrx_word' id='word_1_28' title='bbox 933 705 1066 779; x_wconf 85' lang='lat' dir='ltr'>puero-</span> 
     </span>
     <span class='ocr_line' id='line_1_6' title="bbox 57 797 1066 899; baseline 0.009 -32"><span class='ocrx_word' id='word_1_29' title='bbox 57 816 123 870; x_wconf 88' lang='lat' dir='ltr'>rum</span> <span class='ocrx_word' id='word_1_30' title='bbox 136 800 348 881; x_wconf 84' lang='lat' dir='ltr'>educatione</span> <span class='ocrx_word' id='word_1_31' title='bbox 362 815 663 899; x_wconf 84' lang='lat' dir='ltr'>conquerentem,</span> <span class='ocrx_word' id='word_1_32' title='bbox 687 797 963 896; x_wconf 83' lang='lat' dir='ltr'>nostrorumque</span> <span class='ocrx_word' id='word_1_33' title='bbox 975 825 1066 877; x_wconf 88' lang='lat' dir='ltr'>tem</span> 
     </span>
     <span class='ocr_line' id='line_1_7' title="bbox 24 889 1068 1020; baseline 0.01 -34.333"><span class='ocrx_word' id='word_1_34' title='bbox 24 889 168 1009; x_wconf 85' lang='lat' dir='ltr'>porum</span> <span class='ocrx_word' id='word_1_35' title='bbox 191 941 269 997; x_wconf 91' lang='lat' dir='ltr'>non</span> <span class='ocrx_word' id='word_1_36' title='bbox 285 919 403 1000; x_wconf 77' lang='lat' dir='ltr'>minda</span> <span class='ocrx_word' id='word_1_37' title='bbox 416 918 529 1018; x_wconf 77' lang='lat' dir='ltr'>quim</span> <span class='ocrx_word' id='word_1_38' title='bbox 550 915 696 996; x_wconf 83' lang='lat' dir='ltr'>suorum</span> <span class='ocrx_word' id='word_1_39' title='bbox 719 940 839 994; x_wconf 82' lang='lat' dir='ltr'>mores</span> <span class='ocrx_word' id='word_1_40' title='bbox 864 919 1068 1020; x_wconf 86' lang='lat' dir='ltr'>depingen</span> 
     </span>
     <span class='ocr_line' id='line_1_8' title="bbox 53 1031 1065 1114; baseline 0.014 -14"><span class='ocrx_word' id='word_1_41' title='bbox 53 1048 125 1104; x_wconf 88' lang='lat' dir='ltr'>tem.</span> <span class='ocrx_word' id='word_1_42' title='bbox 170 1035 197 1073; x_wconf 67' lang='lat'>‘³</span> <span class='ocrx_word' id='word_1_43' title='bbox 220 1036 394 1114; x_wconf 89' lang='lat' dir='ltr'>Utinam</span> <span class='ocrx_word' id='word_1_44' title='bbox 406 1038 605 1113; x_wconf 81' lang='lat' dir='ltr'>liberorum</span> <span class='ocrx_word' id='word_1_45' title='bbox 618 1031 823 1110; x_wconf 86' lang='lat' dir='ltr'>nostrorum</span> <span class='ocrx_word' id='word_1_46' title='bbox 845 1057 963 1112; x_wconf 84' lang='lat' dir='ltr'>mores</span> <span class='ocrx_word' id='word_1_47' title='bbox 986 1061 1065 1114; x_wconf 89' lang='lat' dir='ltr'>non</span> 
     </span>
     <span class='ocr_line' id='line_1_9' title="bbox 53 1149 1066 1249; baseline 0.008 -27"><span class='ocrx_word' id='word_1_48' title='bbox 53 1149 77 1187; x_wconf 89' lang='lat'><strong><em>“</em></strong></span> <span class='ocrx_word' id='word_1_49' title='bbox 96 1149 154 1246; x_wconf 80' lang='lat' dir='ltr'>ipfi</span> <span class='ocrx_word' id='word_1_50' title='bbox 172 1153 425 1249; x_wconf 82' lang='lat' dir='ltr'>perderemus!</span> <span class='ocrx_word' id='word_1_51' title='bbox 450 1151 648 1230; x_wconf 82' lang='lat' dir='ltr'>Infantiam</span> <span class='ocrx_word' id='word_1_52' title='bbox 665 1153 785 1228; x_wconf 88' lang='lat' dir='ltr'>statim</span> <span class='ocrx_word' id='word_1_53' title='bbox 801 1155 941 1229; x_wconf 85' lang='lat' dir='ltr'>deliciis</span> <span class='ocrx_word' id='word_1_54' title='bbox 957 1151 1066 1230; x_wconf 82' lang='lat' dir='ltr'>solvi-</span> 
     </span>
     <span class='ocr_line' id='line_1_10' title="bbox 22 1265 1065 1374; baseline 0.01 -34"><span class='ocrx_word' id='word_1_55' title='bbox 22 1343 24 1374; x_wconf 37' lang='lat'>,</span> <span class='ocrx_word' id='word_1_56' title='bbox 51 1265 77 1304; x_wconf 88' lang='lat'><strong><em>“</em></strong></span> <span class='ocrx_word' id='word_1_57' title='bbox 97 1289 177 1344; x_wconf 82' lang='lat' dir='ltr'>mus.</span> <span class='ocrx_word' id='word_1_58' title='bbox 225 1272 355 1349; x_wconf 87' lang='lat' dir='ltr'>Mollis</span> <span class='ocrx_word' id='word_1_59' title='bbox 375 1271 439 1347; x_wconf 86' lang='lat' dir='ltr'>illa</span> <span class='ocrx_word' id='word_1_60' title='bbox 455 1269 640 1366; x_wconf 85' lang='lat' dir='ltr'>educatio,</span> <span class='ocrx_word' id='word_1_61' title='bbox 664 1293 774 1366; x_wconf 86' lang='lat' dir='ltr'>quarn</span> <span class='ocrx_word' id='word_1_62' title='bbox 792 1270 1065 1369; x_wconf 87' lang='lat' dir='ltr'>Indulgentiam</span> 
     </span>
     <span class='ocr_line' id='line_1_11' title="bbox 22 1379 1066 1492; baseline 0.01 -36.99"><span class='ocrx_word' id='word_1_63' title='bbox 22 1379 74 1492; x_wconf 40' lang='grc' dir='ltr'>ᾖς’</span> <span class='ocrx_word' id='word_1_64' title='bbox 94 1405 270 1486; x_wconf 84' lang='lat' dir='ltr'>vocamus,</span> <span class='ocrx_word' id='word_1_65' title='bbox 310 1409 440 1466; x_wconf 86' lang='lat' dir='ltr'>nervos</span> <span class='ocrx_word' id='word_1_66' title='bbox 471 1395 598 1463; x_wconf 85' lang='lat' dir='ltr'>omnes</span> <span class='ocrx_word' id='word_1_67' title='bbox 627 1391 663 1462; x_wconf 81' lang='lat' dir='ltr'>dc</span> <span class='ocrx_word' id='word_1_68' title='bbox 687 1388 818 1462; x_wconf 82' lang='lat' dir='ltr'>mentis</span> <span class='ocrx_word' id='word_1_69' title='bbox 846 1391 882 1463; x_wconf 79' lang='lat' dir='ltr'>dc</span> <span class='ocrx_word' id='word_1_70' title='bbox 903 1392 1066 1485; x_wconf 87' lang='lat' dir='ltr'>corporis</span> 
     </span>
     <span class='ocr_line' id='line_1_12' title="bbox 21 1491 1065 1603; baseline 0.009 -29"><span class='ocrx_word' id='word_1_71' title='bbox 21 1491 62 1537; x_wconf 50' lang='lat'>&#39;²‘</span> <span class='ocrx_word' id='word_1_72' title='bbox 50 1497 235 1603; x_wconf 83' lang='lat' dir='ltr'>“frangit.</span> <span class='ocrx_word' id='word_1_73' title='bbox 284 1505 393 1602; x_wconf 88' lang='lat' dir='ltr'>Quid</span> <span class='ocrx_word' id='word_1_74' title='bbox 405 1525 483 1580; x_wconf 93' lang='lat' dir='ltr'>non</span> <span class='ocrx_word' id='word_1_75' title='bbox 500 1505 640 1578; x_wconf 87' lang='lat' dir='ltr'>adultus</span> <span class='ocrx_word' id='word_1_76' title='bbox 658 1499 906 1602; x_wconf 83' lang='lat' dir='ltr'>concupiscet,</span> <span class='ocrx_word' id='word_1_77' title='bbox 935 1507 1000 1601; x_wconf 89' lang='lat' dir='ltr'>qui</span> <span class='ocrx_word' id='word_1_78' title='bbox 1023 1509 1065 1584; x_wconf 90' lang='lat' dir='ltr'>in</span> 
     </span>
     <span class='ocr_line' id='line_1_13' title="bbox 20 1605 1157 1722; baseline 0.005 -28"><span class='ocrx_word' id='word_1_79' title='bbox 20 1605 73 1706; x_wconf 74' lang='lat' dir='ltr'>J&#39;“</span> <span class='ocrx_word' id='word_1_80' title='bbox 61 1617 246 1719; x_wconf 84' lang='lat' dir='ltr'>‘purpura</span> <span class='ocrx_word' id='word_1_81' title='bbox 232 1617 390 1722; x_wconf 83' lang='lat' dir='ltr'>repit?</span> <span class='ocrx_word' id='word_1_82' title='bbox 429 1619 608 1698; x_wconf 88' lang='lat' dir='ltr'>Nondum</span> <span class='ocrx_word' id='word_1_83' title='bbox 624 1643 741 1717; x_wconf 86' lang='lat' dir='ltr'>prrma</span> <span class='ocrx_word' id='word_1_84' title='bbox 753 1623 861 1696; x_wconf 85' lang='lat' dir='ltr'>verba</span> <span class='ocrx_word' id='word_1_85' title='bbox 878 1625 1066 1722; x_wconf 86' lang='lat' dir='ltr'>exprimit,</span> <span class='ocrx_word' id='word_1_86' title='bbox 1152 1649 1157 1656; x_wconf 65' lang='grc'><strong>’</strong></span> 
     </span>
     <span class='ocr_line' id='line_1_14' title="bbox 20 1719 1065 1839; baseline 0.005 -29.124"><span class='ocrx_word' id='word_1_87' title='bbox 20 1719 69 1769; x_wconf 89' lang='lat'><em>“</em></span> <span class='ocrx_word' id='word_1_88' title='bbox 88 1734 145 1810; x_wconf 79' lang='lat' dir='ltr'>dc</span> <span class='ocrx_word' id='word_1_89' title='bbox 133 1760 204 1834; x_wconf 72' lang='lat' dir='ltr'>pam</span> <span class='ocrx_word' id='word_1_90' title='bbox 217 1734 605 1839; x_wconf 84' lang='lat' dir='ltr'>coccumintelligit,</span> <span class='ocrx_word' id='word_1_91' title='bbox 594 1759 670 1831; x_wconf 73' lang='lat' dir='ltr'>pam</span> <span class='ocrx_word' id='word_1_92' title='bbox 683 1737 920 1834; x_wconf 87' lang='lat' dir='ltr'>conchylium</span> <span class='ocrx_word' id='word_1_93' title='bbox 935 1736 1065 1836; x_wconf 86' lang='lat' dir='ltr'>poscit</span> 
     </span>
     <span class='ocr_line' id='line_1_15' title="bbox 19 1839 1066 1958; baseline 0.003 -26"><span class='ocrx_word' id='word_1_94' title='bbox 19 1839 22 1888; x_wconf 72' lang='lat'>‘</span> <span class='ocrx_word' id='word_1_95' title='bbox 47 1849 72 1888; x_wconf 89' lang='lat'><strong>“</strong></span> <span class='ocrx_word' id='word_1_96' title='bbox 93 1853 188 1933; x_wconf 72' lang='lat' dir='ltr'>Ante</span> <span class='ocrx_word' id='word_1_97' title='bbox 215 1859 381 1958; x_wconf 88' lang='lat' dir='ltr'>palatum</span> <span class='ocrx_word' id='word_1_98' title='bbox 403 1879 530 1933; x_wconf 86' lang='lat' dir='ltr'>corum</span> <span class='ocrx_word' id='word_1_99' title='bbox 558 1855 668 1952; x_wconf 86' lang='lat' dir='ltr'>quim</span> <span class='ocrx_word' id='word_1_100' title='bbox 692 1879 809 1931; x_wconf 84' lang='lat' dir='ltr'>mores</span> <span class='ocrx_word' id='word_1_101' title='bbox 836 1857 1066 1939; x_wconf 82' lang='lat' dir='ltr'>instituimus.</span> 
     </span>
     <span class='ocr_line' id='line_1_16' title="bbox 20 1971 1069 2074; baseline 0 -22"><span class='ocrx_word' id='word_1_102' title='bbox 20 1971 68 2012; x_wconf 85' lang='lat'>&#39;‘</span> <span class='ocrx_word' id='word_1_103' title='bbox 88 1973 130 2051; x_wconf 92' lang='lat' dir='ltr'>In</span> <span class='ocrx_word' id='word_1_104' title='bbox 142 1977 281 2056; x_wconf 65' lang='lat' dir='ltr'>lecticis</span> <span class='ocrx_word' id='word_1_105' title='bbox 293 1975 477 2055; x_wconf 84' lang='lat' dir='ltr'>crescunt:</span> <span class='ocrx_word' id='word_1_106' title='bbox 501 1977 668 2050; x_wconf 79' lang='lat' dir='ltr'>fiterrant</span> <span class='ocrx_word' id='word_1_107' title='bbox 684 1976 887 2074; x_wconf 84' lang='lat' dir='ltr'>attigerint,</span> <span class='ocrx_word' id='word_1_108' title='bbox 912 1974 1069 2052; x_wconf 73' lang='lat' dir='ltr'>dmoni-</span> 
     </span>
     <span class='ocr_line' id='line_1_17' title="bbox 18 2056 1066 2198; baseline 0.006 -32.141"><span class='ocrx_word' id='word_1_109' title='bbox 18 2056 70 2130; x_wconf 77' lang='lat'>‘⁸</span> <span class='ocrx_word' id='word_1_110' title='bbox 89 2090 148 2166; x_wconf 88' lang='lat' dir='ltr'>bus</span> <span class='ocrx_word' id='word_1_111' title='bbox 162 2097 338 2190; x_wconf 87' lang='lat' dir='ltr'>utrinque</span> <span class='ocrx_word' id='word_1_112' title='bbox 352 2087 604 2168; x_wconf 86' lang='lat' dir='ltr'>sustinentium</span> <span class='ocrx_word' id='word_1_113' title='bbox 621 2090 796 2189; x_wconf 89' lang='lat' dir='ltr'>pendent</span> <span class='ocrx_word' id='word_1_114' title='bbox 847 2073 1066 2198; x_wconf 68' lang='lat' dir='ltr'>Gaudemui,</span> 
     </span>
     <span class='ocr_line' id='line_1_18' title="bbox 20 2211 1135 2310; baseline 0.008 -24.181"><span class='ocrx_word' id='word_1_115' title='bbox 20 2213 69 2252; x_wconf 90' lang='lat'>“</span> <span class='ocrx_word' id='word_1_116' title='bbox 91 2215 390 2310; x_wconf 81' lang='lat' dir='ltr'>srquidiicentius</span> <span class='ocrx_word' id='word_1_117' title='bbox 408 2213 576 2287; x_wconf 83' lang='lat' dir='ltr'>dixerint.</span> <span class='ocrx_word' id='word_1_118' title='bbox 627 2211 758 2306; x_wconf 89' lang='lat' dir='ltr'>Verba,</span> <span class='ocrx_word' id='word_1_119' title='bbox 783 2233 830 2285; x_wconf 88' lang='lat' dir='ltr'>ne</span> <span class='ocrx_word' id='word_1_120' title='bbox 849 2211 1067 2290; x_wconf 81' lang='lat' dir='ltr'>Alexandri·</span> <span class='ocrx_word' id='word_1_121' title='bbox 1133 2291 1135 2295; x_wconf 79' lang='grc'>,</span> 
     </span>
     <span class='ocr_line' id='line_1_19' title="bbox 17 2323 1066 2430; baseline 0.004 -27"><span class='ocrx_word' id='word_1_122' title='bbox 17 2325 64 2428; x_wconf 74' lang='lat'>.“</span> <span class='ocrx_word' id='word_1_123' title='bbox 83 2329 310 2428; x_wconf 65' lang='lat' dir='ltr'>nimquidem</span> <span class='ocrx_word' id='word_1_124' title='bbox 336 2329 581 2430; x_wconf 89' lang='lat' dir='ltr'>permittenda</span> <span class='ocrx_word' id='word_1_125' title='bbox 597 2328 751 2420; x_wconf 80' lang='lat' dir='ltr'>deliciis,</span> <span class='ocrx_word' id='word_1_126' title='bbox 776 2323 847 2402; x_wconf 88' lang='lat' dir='ltr'>risu</span> <span class='ocrx_word' id='word_1_127' title='bbox 880 2333 916 2404; x_wconf 77' lang='lat' dir='ltr'>dc</span> <span class='ocrx_word' id='word_1_128' title='bbox 941 2326 1066 2407; x_wconf 90' lang='lat' dir='ltr'>osculo</span> 
     </span>
     <span class='ocr_line' id='line_1_20' title="bbox 17 2431 1067 2548; baseline 0.004 -27"><span class='ocrx_word' id='word_1_129' title='bbox 17 2431 66 2504; x_wconf 61' lang='lat'>?“</span> <span class='ocrx_word' id='word_1_130' title='bbox 87 2451 301 2548; x_wconf 83' lang='lat' dir='ltr'>excipimus.</span> <span class='ocrx_word' id='word_1_131' title='bbox 333 2449 579 2532; x_wconf 81' lang='lat' dir='ltr'>Necmirum:</span> <span class='ocrx_word' id='word_1_132' title='bbox 602 2469 668 2521; x_wconf 88' lang='lat' dir='ltr'>nos</span> <span class='ocrx_word' id='word_1_133' title='bbox 682 2445 884 2539; x_wconf 84' lang='lat' dir='ltr'>docuimus,</span> <span class='ocrx_word' id='word_1_134' title='bbox 908 2453 1067 2526; x_wconf 85' lang='lat' dir='ltr'>exnobis</span> 
     </span>
    </p>
   </div>
   <div class='ocr_carea' id='block_1_3' title="bbox 17 2561 1175 2662">
    <p class='ocr_par' dir='ltr' id='par_1_3' title="bbox 17 2561 1175 2662">
     <span class='ocr_line' id='line_1_21' title="bbox 17 2561 1175 2662; baseline 0.026 -40"><span class='ocrx_word' id='word_1_135' title='bbox 17 2564 61 2658; x_wconf 38' lang='grc' dir='ltr'>γ’</span> <span class='ocrx_word' id='word_1_136' title='bbox 84 2569 408 2646; x_wconf 52' lang='grc' dir='ltr'>ῃῃᾱῑςῐῃῃιμ,</span> <span class='ocrx_word' id='word_1_137' title='bbox 460 2569 517 2642; x_wconf 89' lang='lat' dir='ltr'>Fit</span> <span class='ocrx_word' id='word_1_138' title='bbox 534 2573 581 2642; x_wconf 84' lang='lat' dir='ltr'>ex</span> <span class='ocrx_word' id='word_1_139' title='bbox 599 2569 653 2642; x_wconf 87' lang='lat' dir='ltr'>his</span> <span class='ocrx_word' id='word_1_140' title='bbox 671 2561 908 2662; x_wconf 83' lang='lat' dir='ltr'>consuetudo,</span> <span class='ocrx_word' id='word_1_141' title='bbox 933 2571 1066 2651; x_wconf 88' lang='lat' dir='ltr'>deinde</span> <span class='ocrx_word' id='word_1_142' title='bbox 1171 2632 1175 2638; x_wconf 82' lang='lat'>-</span> 
     </span>
    </p>
   </div>
   <div class='ocr_carea' id='block_1_4' title="bbox 33 2675 1068 3016">
    <p class='ocr_par' dir='ltr' id='par_1_4' title="bbox 33 2675 1068 3016">
     <span class='ocr_line' id='line_1_22' title="bbox 38 2675 1067 2782; baseline 0.007 -28"><span class='ocrx_word' id='word_1_143' title='bbox 38 2675 65 2716; x_wconf 80' lang='lat'><strong><em>“</em></strong></span> <span class='ocrx_word' id='word_1_144' title='bbox 84 2701 229 2758; x_wconf 84' lang='lat' dir='ltr'>natura.</span> <span class='ocrx_word' id='word_1_145' title='bbox 280 2679 437 2759; x_wconf 82' lang='lat' dir='ltr'>Discunt</span> <span class='ocrx_word' id='word_1_146' title='bbox 463 2681 541 2758; x_wconf 82' lang='lat' dir='ltr'>haec</span> <span class='ocrx_word' id='word_1_147' title='bbox 559 2679 695 2777; x_wconf 84' lang='lat' dir='ltr'>miseri,</span> <span class='ocrx_word' id='word_1_148' title='bbox 736 2703 931 2782; x_wconf 84' lang='lat' dir='ltr'>antequam</span> <span class='ocrx_word' id='word_1_149' title='bbox 950 2681 1067 2762; x_wconf 85' lang='lat' dir='ltr'>sciant</span> 
     </span>
     <span class='ocr_line' id='line_1_23' title="bbox 34 2795 1068 2896; baseline 0.003 -25"><span class='ocrx_word' id='word_1_150' title='bbox 34 2799 61 2856; x_wconf 62' lang='grc' dir='ltr'>ε’</span> <span class='ocrx_word' id='word_1_151' title='bbox 81 2800 173 2876; x_wconf 78' lang='lat' dir='ltr'>titia</span> <span class='ocrx_word' id='word_1_152' title='bbox 189 2798 276 2876; x_wconf 78' lang='lat' dir='ltr'>esse.</span> <span class='ocrx_word' id='word_1_153' title='bbox 324 2801 414 2876; x_wconf 84' lang='lat' dir='ltr'>Inde</span> <span class='ocrx_word' id='word_1_154' title='bbox 432 2795 542 2876; x_wconf 91' lang='lat' dir='ltr'>soluti</span> <span class='ocrx_word' id='word_1_155' title='bbox 558 2823 602 2876; x_wconf 91' lang='lat' dir='ltr'>ac</span> <span class='ocrx_word' id='word_1_156' title='bbox 619 2804 768 2874; x_wconf 85' lang='lat' dir='ltr'>fluentes</span> <span class='ocrx_word' id='word_1_157' title='bbox 785 2822 863 2874; x_wconf 92' lang='lat' dir='ltr'>non</span> <span class='ocrx_word' id='word_1_158' title='bbox 882 2801 1068 2896; x_wconf 85' lang='lat' dir='ltr'>accipiunt</span> 
     </span>
     <span class='ocr_line' id='line_1_24' title="bbox 33 2913 948 3016; baseline -0.004 -21"><span class='ocrx_word' id='word_1_159' title='bbox 33 2913 60 2964; x_wconf 63' lang='lat' dir='ltr'>‘s</span> <span class='ocrx_word' id='word_1_160' title='bbox 82 2915 260 2996; x_wconf 75' lang='lat' dir='ltr'>dscholis</span> <span class='ocrx_word' id='word_1_161' title='bbox 273 2920 368 3002; x_wconf 81' lang='lat' dir='ltr'>nala</span> <span class='ocrx_word' id='word_1_162' title='bbox 380 2917 463 3016; x_wconf 87' lang='lat' dir='ltr'>ista,</span> <span class='ocrx_word' id='word_1_163' title='bbox 488 2917 549 2999; x_wconf 89' lang='lat' dir='ltr'>sed</span> <span class='ocrx_word' id='word_1_164' title='bbox 566 2921 607 2994; x_wconf 92' lang='lat' dir='ltr'>in</span> <span class='ocrx_word' id='word_1_165' title='bbox 622 2913 761 3006; x_wconf 73' lang='lat' dir='ltr'>scholas</span> <span class='ocrx_word' id='word_1_166' title='bbox 780 2915 948 3007; x_wconf 85' lang='lat' dir='ltr'>afferunt.</span> 
     </span>
    </p>
   </div>
   <div class='ocr_carea' id='block_1_5' title="bbox 29 3165 1069 3402">
    <p class='ocr_par' dir='ltr' id='par_1_5' title="bbox 29 3165 1069 3402">
     <span class='ocr_line' id='line_1_25' title="bbox 77 3165 1069 3276; baseline 0.007 -25"><span class='ocrx_word' id='word_1_167' title='bbox 77 3171 221 3252; x_wconf 87' lang='lat' dir='ltr'>Noster</span> <span class='ocrx_word' id='word_1_168' title='bbox 234 3165 321 3252; x_wconf 75' lang='lat' dir='ltr'>ver&#39;o</span> <span class='ocrx_word' id='word_1_169' title='bbox 339 3177 517 3253; x_wconf 85' lang='lat' dir='ltr'>Robertus</span> <span class='ocrx_word' id='word_1_170' title='bbox 534 3180 573 3254; x_wconf 91' lang='lat' dir='ltr'>id</span> <span class='ocrx_word' id='word_1_171' title='bbox 590 3180 732 3254; x_wconf 85' lang='lat' dir='ltr'>videtur</span> <span class='ocrx_word' id='word_1_172' title='bbox 752 3176 898 3276; x_wconf 83' lang='lat' dir='ltr'>cavisse,</span> <span class='ocrx_word' id='word_1_173' title='bbox 922 3206 970 3260; x_wconf 88' lang='lat' dir='ltr'>ne</span> <span class='ocrx_word' id='word_1_174' title='bbox 988 3181 1069 3262; x_wconf 79' lang='lat' dir='ltr'>suut</span> 
     </span>
     <span class='ocr_line' id='line_1_26' title="bbox 29 3284 1069 3402; baseline 0.013 -37"><span class='ocrx_word' id='word_1_175' title='bbox 29 3284 234 3402; x_wconf 86' lang='lat' dir='ltr'>chricus,</span> <span class='ocrx_word' id='word_1_176' title='bbox 277 3316 385 3390; x_wconf 87' lang='lat' dir='ltr'>quern</span> <span class='ocrx_word' id='word_1_177' title='bbox 403 3295 733 3376; x_wconf 84' lang='lat' dir='ltr'>laborumsuorum</span> <span class='ocrx_word' id='word_1_178' title='bbox 752 3301 1009 3398; x_wconf 75' lang='lat' dir='ltr'>comitemque,</span> <span class='ocrx_word' id='word_1_179' title='bbox 1033 3307 1069 3378; x_wconf 77' lang='lat' dir='ltr'>dt</span> 
     </span>
    </p>
   </div>
   <div class='ocr_carea' id='block_1_6' title="bbox 63 3531 476 3629">
    <p class='ocr_par' dir='ltr' id='par_1_6' title="bbox 63 3531 476 3629">
     <span class='ocr_line' id='line_1_27' title="bbox 63 3531 476 3629; baseline 0.073 -35"><span class='ocrx_word' id='word_1_180' title='bbox 63 3531 240 3629; x_wconf 64' lang='lat' dir='ltr'>ptnntut.</span> <span class='ocrx_word' id='word_1_181' title='bbox 254 3535 307 3603; x_wconf 81' lang='lat' dir='ltr'>ro.</span> <span class='ocrx_word' id='word_1_182' title='bbox 325 3555 349 3602; x_wconf 80' lang='grc' dir='ltr'>ι.</span> <span class='ocrx_word' id='word_1_183' title='bbox 369 3555 429 3617; x_wconf 73' lang='lat' dir='ltr'>car·</span> <span class='ocrx_word' id='word_1_184' title='bbox 450 3557 476 3622; x_wconf 76' lang='grc' dir='ltr'>ι·</span> 
     </span>
    </p>
   </div>
   <div class='ocr_carea' id='block_1_7' title="bbox 501 3681 1069 3862">
    <p class='ocr_par' dir='ltr' id='par_1_7' title="bbox 501 3681 1069 3862">
     <span class='ocr_line' id='line_1_28' title="bbox 501 3681 1069 3862; baseline 0.009 -45"><span class='ocrx_word' id='word_1_185' title='bbox 501 3720 584 3825; x_wconf 70' lang='lat' dir='ltr'>Ni</span> <span class='ocrx_word' id='word_1_186' title='bbox 717 3854 720 3862; x_wconf 10' lang='grc' dir='ltr'><strong>Ἰ</strong></span> <span class='ocrx_word' id='word_1_187' title='bbox 909 3681 1069 3855; x_wconf 23' lang='lat' dir='ltr'>&#39;postea</span> 
     </span>
    </p>
   </div>
   <div class='ocr_carea' id='block_1_8' title="bbox 0 0 1293 4476">
    <p class='ocr_par' dir='ltr' id='par_1_8' title="bbox 0 0 1293 4476">
     <span class='ocr_line' id='line_1_29' title="bbox 0 0 1293 4476; baseline 0 0"><span class='ocrx_word' id='word_1_188' title='bbox 0 0 1293 4476; x_wconf 95' lang='lat' dir='ltr'> </span> 
     </span>
    </p>
   </div>
  </div>
 </body>
</html>
