2580 4478
192 151 885 270 srnrarnrsttstm.
968 173 1047 286 tn·
1131 123 1134 129 ’

53 424 180 514 Anno
193 425 317 538 *1581.
350 442 492 535 Jacobo
522 436 625 514 sexto
644 438 836 517 Scotorum
867 437 962 534 Regi
994 432 1050 506 se-'

16 562 173 636 tundam
203 561 385 636 dedicavit
410 559 666 657 Xenophontis
697 558 930 647 editionem,
970 569 978 596 ¹
1005 555 1048 628 in

16 679 79 774 quai
105 681 234 754 laudat
262 677 399 756 summi
442 678 607 754 doetrind
637 673 849 769 summoque
880 674 1047 770 praeditos

16 797 150 892 judicio
178 801 275 872 viros
300 802 552 874 Camerarium
580 799 700 874 I’adiae
719 801 754 870 dr
782 798 937 870 aliort‘tm
956 815 1047 886 quo-

17 919 166 992 rundam
185 919 374 1015 librorum,
402 926 437 993 dt
453 919 740 994 Levttenklaittm
755 918 919 990 omnium
935 917 1048 986 inter-

17 1057 152 1130 pretem
168 1070 181 1131 ,-
220 1061 374 1132 quorum
405 1038 465 1111 hie
491 1037 663 1133 Stephani
695 1033 967 1108 emendationes
988 1043 1049 1128 ap*

20 1157 181 1250 probatas
216 1154 284 1230 suae
323 1157 633 1252 interpretationis
674 1155 833 1251 margini
870 1153 1049 1251 apposuit.
1146 1192 1149 1198 ·

20 1257 288 1354 Annotationes
317 1273 431 1350 suasa
455 1276 576 1347 multis
606 1270 681 1368 jam
712 1273 815 1344 annis
845 1277 958 1346 editas
977 1276 1049 1348 ral-

23 1396 61 1469 de
86 1395 327 1491 locupletavit
345 1395 540 1484 Hemicus,
565 1415 575 1442 ²
598 1394 811 1466 examinatis
829 1395 1048 1468 editionibus

23 1539 90 1590 non
105 1514 252 1592 tannim
264 1515 399 1594 Aldinti
424 1521 452 1606 (³
471 1537 548 1608 quae
567 1513 588 1586 ὲ
604 1513 795 1585 Germanis
819 1515 1050 1612 Xenophon*

25 1637 63 1708 tis
76 1637 338 1734 Typographis
362 1639 397 1708 dt
412 1645 424 1681 ⁴
442 1637 486 1708 ab
512 1631 592 1730 ipso
612 1637 621 1674 ⁵
650 1637 921 1710 Levuenklavio
939 1640 1050 1738 igno*

27 1756 180 1848 sabatur)
229 1760 265 1836 dt
288 1753 525 1844 Florentind,
568 1751 627 1827 sed
645 1759 710 1828 &²
740 1755 969 1829 Germanicis
986 1760 1052 1832 tri-¹

26 1871 95 1966 bus,
121 1891 275 1965 quarum
293 1881 365 1946 una
381 1871 432 1947 est
458 1872 677 1970 Brylingeri‚
703 1874 715 1910 ⁶
738 1875 866 1966 inqud
895 1874 1052 1948 Germa&

28 1990 61 2062 ni
96 1985 301 2083 cujuspiam
337 1992 548 2062 corredioris
580 1986 770 2064 ridiculam
802 1988 1051 2085 conjecturam

30 2109 161 2203 carpit:
182 2109 266 2182 Nec
290 2109 353 2203 ipst
366 2108 514 2202 quidem
529 2109 644 2204 parcit
674 2109 960 2204 Levuenklavio,
987 2105 1051 2206 qui
1088 2193 1090 2199 ¹

29 2232 61 2304 ei
84 2254 147 2327 par
180 2232 259 2326 pati
288 2231 410 2304 tetulit
431 2232 472 2302 in
494 2228 564 2304 sois
588 2232 633 2304 ad
669 2228 767 2308 suam
794 2233 1052 2331 Xenophontis

30 2352 150 2446 (1594.
174 2373 286 2444 quam
311 2349 400 2423 Ant.
427 2349 548 2445 Steph.
582 2351 719 2424 Parisiis
738 2361 841 2448 1625.
868 2351 1053 2450 expreffit)

29 2469 222 2542 editionem
238 2469 345 2541 notis.
394 2477 406 2514 ⁷
432 2469 672 2542 Leunciavius
692 2470 979 2568 Xenophontem
997 2469 1056 2548 se···'

32 2585 184 2662 eundo&
212 2585 249 2660 se
268 2590 480 2662 recensitum
506 2593 537 2683 (⁸
558 2606 650 2666 ante
668 2612 782 2664 annos
815 2596 872 2666 18.
897 2590 919 2663 ὲ
947 2619 1052 2689 1594.

31 2727 121 2782 retro
172 2709 448 2798 numerandos)
503 2727 600 2781 anno
660 2717 752 2804 1576
806 2711 1051 2786 recudendum

32 2825 171 2903 dederat
189 2855 203 2918 ‚-
245 2847 353 2918 quem
372 2883 378 2894 .
389 2822 483 2919 justo
521 2825 654 2897 diutius
695 2821 848 2920 prefi'um
881 2850 965 2900 cum
1000 2829 1056 2900 vi:

33 2947 138 3040 deret,
178 2944 288 3020 tertio
303 2948 499 3042 repetitum
526 2939 712 3018 enriffurtts
737 2967 814 3017 etat
837 2946 1054 3020 Leunclavi-

33 3087 83 3154 us,
116 3067 180 3140 nist
214 3091 312 3140 mors
358 3070 507 3160 (⁹ann.
536 3066 661 3161 1593.)
696 3062 927 3158 praeveniffet.
977 3067 1056 3144 De·

26 3177 142 3256 fundi
161 3205 284 3260 tamen
317 3186 453 3260 labores
482 3185 600 3278 perire
623 3184 737 3257 vetuit
754 3205 840 3256 cura
864 3185 1050 3288 Sylbt'trgii

36 3322 127 3378 anno
153 3327 168 3374 r
177 3329 257 3403 594.
306 3305 544 3388 Leunolavius
559 3307 600 3380 in
627 3301 696 3378 suis
715 3306 831 3403 gloiits
860 3313 894 3380 dt
919 3328 1056 3403 appen-

80 3525 88 3552 ¹
109 3519 152 3582 nd
165 3519 260 3584 tenor.
282 3531 293 3556 ²
309 3523 418 3585 Annot.
431 3543 456 3596 p.
473 3523 518 3594 68.
541 3528 551 3562 ³
573 3519 602 3583 P.
615 3541 659 3596 17.
680 3532 733 3596 ⁴p.
750 3540 793 3630 53.
819 3525 828 3560 ⁵
844 3519 1058 3586 eiectamenta
1179 3517 1184 3521 ’

38 3595 118 3664 sssum
129 3597 224 3664 scribit
236 3593 390 3672 Leu'nclrv.
412 3601 442 3661 in
457 3600 596 3679 Append..
610 3621 636 3676 p.
656 3619 736 3672 ¹027·
797 3619 822 3674 p.
848 3607 892 3671 58.
916 3599 1060 3676 ³Epistol.

39 3675 166 3758 selburg.
188 3675 347 3760 {Append
361 3681 471 3746 [eune
485 3699 510 3754 p.
530 3693 611 3750 ¹025·
635 3684 646 3721 ⁹
661 3679 781 3742 Ricciol.
798 3675 904 3744 Chron.

483 3795 487 3808 “
515 3771 590 3848 Dd
978 3778 1061 3858 dice
