2602 4480
219 159 610 254 sternent
655 169 865 259 P'rttrlt'ss
1003 195 1062 283 75

19 321 49 382 ‘t
72 313 204 396 seriam
220 317 400 413 irriderer
417 315 581 394 ecclesias
596 313 700 410 verb,
734 315 925 413 inanibus
941 317 1067 400 Evan-

19 439 49 480 “
70 437 165 538 gelii
186 435 352 512 dobhina
368 434 596 548 predicatur,
636 456 704 534 pro
733 435 853 512 nihilo
878 437 1072 512 duxerunt.

14 555 47 596 '⁸
74 552 295 652 Stephanus,
321 555 357 650 (¹
370 555 437 648 qui
450 551 526 648 jam
543 553 606 628 diu
622 571 731 640 antea
747 573 839 628 vere
857 552 1068 654 Religionis

16 671 46 713 '‘
70 689 201 749 amore
216 673 424 777 tenebatur,
448 695 520 772 nec
534 695 589 767 ca,
614 693 694 770 quae
717 675 900 772 cupiebat,
921 691 1067 777 poterat

13 787 43 829 '⁸
71 789 197 885 eriere,
220 793 290 867 srve
306 775 410 886 qubtl
419 785 530 864 libert
542 787 676 888 agendi
699 812 779 865 non
792 785 882 867 ellet
897 789 1069 888 potestat,

14 907 41 949 ‘⁶
70 908 259 1006 mequod
272 901 449 986 nonsatis
465 907 583 984 adhuc
603 910 645 984 in
670 910 833 984 veritatis
849 909 1070 1008 cognitione

12 1029 46 1070 “
72 1025 293 1124 profecerit)
315 1047 428 1116 nunc,
450 1019 644 1122 quiaesset,
667 1027 789 1103 noluit
804 1027 956 1104 ulteritit
971 1024 1068 1104 diffl-

11 1145 40 1188 ''
67 1144 231 1240 molare,
272 1163 336 1220 aut
370 1155 384 1186 ²
421 1165 506 1220 cum
533 1141 740 1241 hujusmodi
770 1145 956 1220 acerrimis
985 1139 1070 1218 Iesu

10 1263 42 1308 “
71 1261 282 1340 salvatoris
319 1259 479 1338 hostibus
518 1259 580 1336 srbi
617 1264 815 1360 quicquam
849 1262 994 1362 negotii
1024 1283 1070 1336 ac

11 1381 44 1424 “
70 1380 293 1457 commercii
312 1376 396 1458 esse.
455 1381 613 1456 'Errori
646 1403 723 1479 pro.
743 1375 807 1454 sua*
834 1381 932 1455 virili
967 1397 1070 1478 parte

10 1497 43 1540 “
72 1498 242 1574 eundum
274 1497 422 1574 obviim
448 1499 655 1594 arbitratus,
675 1495 800 1574 statuit
814 1519 963 1574 omnem
980 1519 1071 1594 ope-

11 1615 40 1655 ''
67 1634 166 1706 ram,
190 1612 361 1710 studium,
383 1637 429 1690 ac
442 1607 671 1716 diligentiam
686 1612 836 1714 posthac
862 1618 903 1691 in
921 1616 1071 1692 edendi⁵

13 1733 45 1776 ‘³
77 1733 150 1830 piis
165 1731 265 1810 libris
281 1728 498 1810 consumere
516 1759 528 1808 r
553 1735 706 1830 ⁴quales
725 1732 865 1812 sciebat
895 1735 918 1810 a
943 1733 1074 1810 Theo⁸

14 1851 48 1892 “
79 1849 185 1949 logia
209 1851 455 1934 Paristenitbus
483 1873 528 1928 ac
554 1850 838 1930 Lovanienlrbus
858 1855 1071 1930 damnatum

16 1965 53 2010 “
81 1967 142 2040 iri.
208 1967 373 2044 Noverat
402 1964 614 2062 hujusmodi
644 1969 823 2044 Dothores
847 1993 915 2067 pro
932 1964 1071 2043 Christi

15 2086 46 2128 ‘³
76 2081 169 2182 pura*
183 2067 347 2164 nonina
358 2085 516 2161 libenter
523 2107 737 2184 accepturos
753 2086 955 2163 dostrinam
970 2085 1070 2160 athei

16 2204 51 2245 “
83 2201 126 2275 F.
150 2201 307 2278 Rablesri
334 2197 451 2299 ejt'tsq3
482 2203 591 2279 libros
623 2204 737 2304 impie
762 2226 799 2280 et
824 2199 957 2284 insullb
974 2203 1070 2280 Gar-

17 2314 49 2359 “
78 2339 224 2418 ganmae
239 2341 284 2396 ac
297 2318 549 2416 Pantagruelis
561 2323 714 2426 nomine
740 2319 933 2422 inscriptos
943 2322 961 2414 '‚·
985 2319 1070 2396 nul-

18 2435 49 2475 “
76 2437 154 2511 lam
172 2437 275 2512 enim
300 2457 450 2536 operam
475 2437 668 2532 dederunt,
693 2460 733 2515 ut
759 2439 851 2516 liber
878 2437 941 2514 ille
957 2436 1072 2516 male.-

21 2555 160 2630 “dici
190 2557 234 2632 ac
264 2555 465 2656 blasphemi
495 2559 754 2636 conviciatoris
788 2585 871 2636 cum
915 2558 1071 2634 authore

20 2675 57 2718 “
87 2695 320 2753 cremaretur.
343 2677 437 2752 Eam
452 2677 659 2773 preclaram
681 2673 754 2752 elie
771 2677 944 2768 cernebat
964 2675 1071 2752 Reli·

20 2791 58 2833 “
86 2790 239 2888 gionenr
252 2791 518 2870 venerabilium
539 2792 823 2896 Theologorum
844 2800 881 2870 bc
912 2814 1071 2891 eonven-

19 2915 55 2955 “
87 2911 242 2990 tualium
259 2915 549 3012 Monachorum,
575 2938 732 3012 quorum
746 2917 854 2994 alteri
870 2917 1070 2990 immanem

22 3033 56 3074 “
83 3030 258 3130 luporum
291 3034 545 3128 voracitatem,
570 3035 677 3112 alteri
710 3059 845 3112 canam
863 3033 1001 3109 rabiem
1016 3021 1070 3120 itas

22 3154 58 3194 “
84 3153 296 3248 imitant-ur,
318 3141 489 3240 arteriam
517 3174 644 3228 eornm
672 3157 940 3232 immanitatem
966 3148 1073 3253 supe·

20 3271 55 3314 “
82 3288 182 3344 rent.
230 3271 287 3347 Ex
307 3271 385 3366 ipsrs
401 3267 476 3365 jam
499 3267 676 3368 Stephani
699 3269 839 3371 scriptis
866 3275 969 3373 ipsius
986 3293 1071 3368 pro·

20 3392 193 3492 positum
221 3410 261 3468 et
292 3391 509 3490 opinionem
524 3394 679 3490 aperui3
708 3414 746 3469 ut
762 3397 903 3473 nemini
920 3391 1071 3468 dubium
1162 3439 1164 3445 ,

73 3564 427 3648 &taratonlan-
452 3585 534 3644 1552·
564 3569 684 3646 &oreo
700 3567 839 3648 recoli.
856 3586 941 3650 tata·
962 3567 1070 3654 teat.

24 3641 252 3761 efficiebat.
266 3667 351 3766 ¹⁵⁵⁴?
386 3647 494 3748 glpai
507 3639 642 3748 arlGloll.
667 3667 752 3764 rm.

1017 3825 1073 3924 fit,
