2484 4474
145 247 147 252 .
200 163 595 254 STEPHANI
635 165 916 255 St‘cuuntss
973 172 1054 288 383

20 483 25 490 ·
88 437 266 540 Stephano
282 437 630 538 postatrociffimam
654 445 810 524 Henriti
833 445 903 524 111.
926 446 981 526 sui
996 473 1062 548 pa-

38 561 131 636 troni
152 560 299 652 cadem,
338 559 401 604 “¹
429 560 515 640 licit
548 565 707 640 rationes
736 566 883 642 turbata
912 565 1063 658 fuerint,

36 680 66 717 ‘⁶
90 698 185 752 mens
202 696 328 750 tamen
360 675 487 752 mansrt
508 677 768 776 imperturbata
781 710 797 774 3
830 685 927 778 quod
950 681 1063 758 testa-

34 793 65 830 '‘
87 812 141 866 tur
165 793 269 888 ipfius
283 787 392 866 Musa
419 793 631 891 Principum
650 797 849 888 Monitrix,
871 821 1000 896 poema
1014 802 1061 876 ab

37 917 66 956 “
90 913 150 990 illo
166 916 440 1014 peregrinante,
467 921 502 990 bt
529 918 691 1013 quidem,
719 916 876 992 maximi
894 943 941 994 ex
957 919 1061 1016 parte

36 1033 270 1127 “equitante
301 1033 552 1128 ‚composrtum
613 1033 740 1108 Multb
788 1036 888 1108 enim
921 1032 1061 1112 facilins

32 1151 63 1190 “
89 1151 430 1246 interequitantium
456 1149 575 1226 versus
600 1154 787 1250 componi,
809 1159 844 1228 δι
873 1149 1062 1251 composui
1161 1201 1163 1206 -

33 1275 64 1312 “
88 1275 265 1348 memoria
286 1273 465 1366 mandari,
488 1273 599 1368 quim
630 1268 734 1370 prosa
767 1273 842 1364 (vel
856 1269 992 1370 prorsa,
1022 1297 1063 1348 ur

31 1393 65 1432 “
88 1393 149 1470 alii
168 1396 318 1486 vocant)
346 1394 468 1470 oratio
490 1389 647 1492 poffunt.
698 1395 751 1468 Ea
766 1410 843 1466 erat
878 1391 1064 1490 Stephano

31 1515 101 1587 viae
122 1515 265 1590 taedium
285 1514 433 1591 levandi
463 1515 568 1590 ratio.
616 1510 894 1608 “Simulatque
924 1513 1061 1612 viginti

29 1633 63 1673 “
88 1627 205 1706 versus
228 1631 420 1710 meditatus
439 1651 517 1706 erar
534 1668 566 1726 ,κ
590 1633 771 1706 interdum
798 1633 909 1706 etiam
938 1634 1062 1728 pauci-

35 1755 60 1794 “
86 1773 178 1846 ores,
200 1775 261 1826 eos
283 1754 342 1830 vel
357 1754 398 1828 in
420 1754 561 1828 tabellis
587 1751 682 1853 stylo
697 1753 753 1826 vel
778 1755 818 1826 in
848 1753 975 1830 charri
1001 1776 1064 1828 ca-

34 1877 64 1916 “
88 1875 184 1949 lamo
202 1879 237 1950 ba
255 1894 462 1953 atramento
483 1878 648 1973 equitans
672 1873 861 1966 scribebat,
880 1874 1012 1949 deinde
1027 1871 1064 1948 fe

33 1997 249 2072 “tradebat
294 1998 451 2072 aliorum
492 1997 758 2094 composrrioni.
819 1995 902 2074 Nee
945 1993 1064 2074 solum

33 2117 66 2156 “
90 2115 208 2209 (quod
240 2118 402 2208 mireris)
430 2115 607 2192 scribebat
637 2117 816 2212 equitans,
843 2110 904 2190 sed
927 2138 998 2192 nec
1017 2117 1063 2212 (fi

32 2236 66 2278 “
89 2233 174 2308 huic
192 2234 387 2310 affirmanti
403 2233 510 2310 fidem
522 2235 748 2330 adhibueris)
770 2235 816 2310 ad
832 2230 1063 2310 scribendum

30 2355 62 2397 “
86 2354 265 2430 resrstebat
282 2356 346 2429 nist
360 2351 556 2448 rariffimb3
596 2359 631 2428 δι
650 2357 672 2428 sr
691 2374 766 2430 tum
797 2349 978 2446 voluisset,
1001 2355 1064 2430 virt

8 2474 63 2516 ·“
88 2470 287 2570 potuisset,
331 2474 507 2568 quoniam
532 2471 729 2546 vehebatur
765 2493 861 2568 equo
887 2472 1066 2578 Turrim,

26 2590 62 2630 “
88 2589 201 2687 plane
218 2587 411 2690 generoso,
444 2612 487 2664 ac
505 2613 614 2670 more
629 2585 839 2686 (presertim
858 2613 970 2683 quum
984 2587 1075 2668 suus·

29 2713 63 2752 “
88 2713 243 2786 comites
287 2711 430 2786 ridebat
460 2710 657 2805 praecedere
671 2711 691 2802 )
732 2711 957 2806 impatiente.
1007 2709 1066 2784 Εὸ

30 2830 65 2870 “
90 2849 215 2902 autem
231 2831 345 2930 magis
362 2826 397 2906 se
411 2830 506 2905 illius
525 2831 677 2926 ingenio
691 2831 896 2926 cogebatur
915 2851 1062 2902 accom-

30 2950 60 2987 “
85 2947 253 3040 moriare,
282 2945 383 3042 qutid
413 2948 551 3043 alioqui
578 2943 802 3020 refraebarius
820 2966 898 3020 erat
927 2952 964 3022 δι
997 2949 1066 3022 ali-

31 3063 62 3103 ⁸‘
87 3065 270 3155 quantum
286 3067 365 3140 duri
394 3067 475 3140 oris.
533 3064 601 3138 Ille
619 3085 729 3158 equus
745 3065 784 3138 in
802 3085 975 3162 magnum
993 3059 1065 3138 dis-

28 3179 57 3216 “
85 3159 231 3254 crimen
254 3205 300 3256 ex
322 3183 395 3256 oris
426 3181 582 3254 duritate
618 3179 841 3278 Stephanum
871 3177 981 3254 semel
999 3182 1065 3254 ad-

30 3293 60 3336 “
85 3296 204 3372 duxit.
253 3301 380 3394 Quum
395 3301 495 3374 enim
526 3295 682 3396 egressus
709 3297 947 3374 Francfordio
981 3299 1062 3392 (ubi

29 3418 58 3456 “
83 3438 171 3492 eum
190 3425 346 3514 emerat)
376 3445 453 3496 non
472 3421 598 3516 procul
629 3420 790 3520 iportai,
821 3419 932 3516 quim
949 3419 1064 3496 burrus

25 3533 55 3624 ,“
83 3531 213 3616 cursor
228 3535 328 3636 esset,
355 3537 512 3640 experiri
527 3537 648 3632 vellet,
687 3540 866 3638 contigit,
883 3557 924 3612 ut
950 3541 995 3615 ab
1016 3565 1066 3618 eo

68 3739 84 3806 ‚²
100 3729 221 3813 Dialem
234 3731 311 3802 Mus.
327 3737 410 3806 Mon·
433 3757 459 3816 p.
474 3751 538 3814 323.
552 3751 617 3814 324.
637 3753 704 3814 32i

914 3818 1065 3912 retineri
