2580 4478
215 132 613 220 STEPHANI
654 134 910 226 Sdeuunrl
992 173 1069 258 393

13 395 14 398 Ν
52 286 239 366 nudisniti
262 287 480 384 conjedruris
494 291 666 402 religiosa
688 296 863 398 Stephani
876 299 1074 402 diligentia

55 401 261 506 permiffura
278 403 409 486 fuisset„
460 423 470 450 ¹
496 409 708 512 Vulcanius,
734 437 774 490 ur
797 417 836 492 id
852 443 943 516 opus
970 444 1077 500 cura-

54 548 118 622 ret,
143 527 359 626 Cyrillum,
395 534 455 608 cui
488 537 689 634 vertendo,
730 543 766 614 δι
789 541 987 638 ludorum,
1013 551 1076 624 cui
1134 625 1136 630 .

55 643 260 744 castigando
286 648 447 748 longam
468 650 544 748 jam
561 678 711 754 operam
736 656 899 754 navitae,
924 659 1078 740 imani-

53 769 112 848 bus
128 766 286 869 seposuit
292 803 308 870 ,·
336 774 514 854 verustum
527 777 678 856 Arriani
704 777 886 854 Codicem
901 801 985 855 cum
1004 782 1076 857 Ba·

55 891 181 970 srleensr
201 897 294 972 olim
311 898 475 975 Gerbelii
493 898 607 998 operi
622 901 723 976 edito
738 903 895 976 contulit
910 933 925 996 ,·
950 904 1080 1002 depre.

56 1012 179 1092 hendit
194 1017 378 1117 pelstmam
395 1021 466 1097 else
480 1028 679 1100 verfionem
693 1023 947 1118 Bartholomaei
964 1027 1081 1123 Facii,

58 1135 122 1226 qui
132 1153 258 1212 tamen
276 1141 377 1217 illam
387 1139 414 1215 d
439 1143 553 1216 Paulo
583 1142 762 1242 Vergerio
779 1141 899 1216 datam
926 1125 1082 1376 (Vulxd-

57 1252 117 1329 oio
138 1253 382 1353 nonullam)
416 1259 626 1354 damnabat,
674 1259 727 1340 uti
754 1257 954 1334 barbaram.
1044 1285 1080 1335 ra

59 1373 144 1448 riani
169 1376 321 1456 Librum
338 1382 524 1458 Plutarchi
549 1385 594 1460 de
613 1383 815 1460 Alexandri
844 1380 919 1458 viri
949 1377 1075 1458 &sor-

59 1496 138 1578 tunt
151 1495 348 1596 opusculis,
372 1505 409 1578 δι
423 1505 609 1578 nonnullis
625 1499 784 1599 ejusdem
814 1505 1020 1600 argumenti
1034 1527 1081 1580 err

58 1615 172 1712 Livio,
190 1617 353 1715 Justirm,
371 1619 579 1720 Curtibque
603 1624 821 1719 tradamus,
845 1620 995 1722 copioso
1020 1623 1082 1698 de-

61 1740 287 1826 mumindice
305 1743 488 1820 conclusit.

101 1934 326 2035 Stephanum
352 1941 362 1967 ²
388 1943 666 2037 recordantem,
708 1942 851 2038 quoties
879 1941 985 2014 Pater
1003 1943 1083 2016 Ro-

62 2053 175 2142 bertus
196 2081 349 2154 operam
378 2064 414 2136 da
433 2057 590 2136 studium
611 2081 804 2139 navaverar
820 2059 927 2132 variis
951 2057 1085 2136 Testa-

12 2217 13 2220 *
63 2175 170 2252 menti
187 2175 277 2250 novi
307 2173 425 2254 Graeci
447 2178 690 2274 editionibus,
728 2173 965 2276 acpostremd
982 2178 1085 2284 illam

12 2369 13 2402 3
62 2293 279 2392 fingulorum
295 2295 399 2392 hujus
415 2297 498 2373 libri
513 2300 671 2396 capitum
697 2298 894 2372 incertum
920 2291 1086 2384 versuum
1206 2312 1209 2318 '

12 2411 13 2416 ’
61 2432 249 2490 numerum
280 2414 568 2494 distributionem
586 2418 810 2518 excogitdrat
821 2475 836 2512 ,
871 2405 1000 2516 puduit
1029 2419 1087 2493 vis·

63 2532 134 2606 deri
152 2534 200 2608 ab
228 2531 293 2609 illo
322 2531 566 2634 degenerasse,
591 2561 635 2612 ac
665 2533 762 2612 suam
779 2533 978 2635 symbolam
1007 2557 1086 2616 non

12 2745 13 2748 Ν
62 2649 265 2742 contulisse.
313 2655 589 2732 Testamentum
609 2659 732 2754 itaque
756 2655 923 2733 Graecum
947 2657 1087 2751 inpar-

12 2863 13 2866 ,
64 2796 107 2852 ro
128 2777 567 2876 uolumineann01576.¹
585 2777 955 2853 meditaremur
973 2776 1087 2853 inter«,-

62 2906 266 2996 pretatione
282 2930 411 2984 vocum
432 2902 680 2982 obscuriorum
707 2905 744 2976 da
777 2883 1006 2996 quorundam
1032 2895 1088 2968 lo-

64 3027 198 3118 quendi
215 3049 392 3133 generum
419 3025 579 3124 margini
609 3019 821 3118 adscripti,
856 3015 1089 3112 &Philippo

65 3147 198 3224 Sidneo
212 3147 405 3222 dedicavit.
454 3165 466 3230 ‚²
490 3139 742 3240 Conqueritur
752 3156 876 3212 tamen
895 3131 956 3208 srbi
971 3135 1088 3221 otium

65 3248 307 3342 ¹&Theodori
333 3265 449 3352 Bezae,
473 3285 584 3358 quem
605 3261 650 3336 de
678 3257 813 3346 multis,
837 3253 898 3329 ubi
918 3251 1089 3345 haerebat,
1118 3251 1119 3254 ‘

66 3365 153 3465 locis
170 3381 389 3480 consuleret,
413 3377 639 3480 praesentiam
662 3371 822 3452 defuisse.
871 3367 1033 3468 Copioli
1051 3373 1088 3445 da

39 3532 53 3595 ,³
68 3507 168 3604 docte
182 3502 349 3606 praefatur
363 3505 409 3578 de
424 3498 586 3606 plurimis¹
604 3495 773 3605 textibus,
798 3513 953 3605 quorum
976 3487 1087 3564 verba

107 3705 252 3800 :nrm
294 3711 309 3781 r
345 3694 461 3806 ntro.
967 3751 1094 3855 merus
