2592 4480
205 163 598 255 suuuunur
641 163 918 254 stauros.
1003 194 1083 284 ³29

52 321 196 397 incidunt,
229 341 292 385 non
329 315 437 385 'minias
467 319 516 382 sed
549 315 647 400 potiris
683 319 774 398 magle
805 317 1007 395 deplorandam
1032 323 1088 386 em

51 407 122 472 dico.
168 403 309 471 Quorum
320 397 414 475 veto?
438 400 576 462 nimimm
602 396 654 474 qui
675 418 764 476 quum
784 397 838 458 fint
847 399 970 459 omnino
994 400 1089 464 litera·

55 503 116 544 rum
137 478 236 545 rudes.
263 494 314 541 aut
333 475 411 538 certe
436 479 494 539 illis
516 480 566 539 viar
579 475 673 548 tiulfi,
692 494 870 552 quecunque
895 477 928 549 ii,
947 497 1020 554 quos
1034 499 1087 557 pro

57 560 143 621 deltis
167 560 215 618 vel
227 556 279 632 ipli
293 554 409 626 habent,
435 559 481 616 vel
499 557 534 616 ab
555 553 719 616 aliishaberi
734 555 843 629 vident,
868 552 900 615 in
921 557 1087 633 castigando

56 634 543 789 llllllalllluzls'llll:
566 629 1088 786 <33ll,²s{¹“‡¹,¹„¹¹‘}2„;‡¹,‘'⁶,¹g}„¹¹,⁰,ss

138 757 144 771 ι
237 752 247 783 2
554 753 564 784 ῃ
1077 762 1086 777 0

58 792 131 854 Hinc
146 792 228 852 enim
241 789 349 852 fanum
369 789 419 863 eli,
438 808 472 850 ut
487 809 579 868 quum
592 805 673 850 antea
686 803 816 851 veterum
838 788 904 850 libri
923 789 960 850 iis
971 791 1085 856 tantirua

58 871 165 932 mendis
179 869 326 948 inquinati
349 867 403 928 elle
427 869 567 936 solerent,
592 887 655 945 quae
680 886 715 928 err
734 865 861 944 antiquis
879 871 1087 944 exemplaribus

58 963 210 1023 nranarant,
230 963 280 1010 aut
295 945 374 1007 certe
387 943 610 1024 typographicis,
630 945 716 1006 idest
739 945 775 1005 iis
797 963 859 1024 quae
872 948 1085 1024 typographico

58 1029 244 1090 committunt
254 1045 355 1100 operae,
379 1023 473 1100 (cuius
490 1025 603 1103 generis
614 1022 776 1086 mendis&
795 1021 883 1097 prope
905 1023 1027 1088 infinitis
1054 1029 1084 1090 dt

59 1104 213 1170 monstrofis
233 1101 375 1179 plerisque
387 1106 496 1164 refertae
509 1119 588 1165 erant
601 1101 743 1163 Herodoti
760 1103 862 1176 pariter
880 1099 909 1164 dc
933 1103 1086 1183 Thucydi-

61 1181 99 1242 dis
109 1182 377 1258 interpretationum
401 1183 561 1242 editiones:
587 1199 710 1258 quorum
731 1181 862 1254 exempla
900 1180 986 1244 etiam
1010 1201 1087 1260 que⁴

62 1260 119 1322 dam
129 1262 158 1322 in
167 1263 247 1321 calce
256 1257 353 1320 Latini
367 1260 425 1322 mei
438 1259 580 1321 Herodoti
591 1255 690 1332 habes)
711 1277 789 1320 nunc
802 1257 838 1318 au
864 1258 913 1320 illa
932 1260 993 1321 duo
1013 1264 1085 1323 mala

62 1342 135 1414 pejus
152 1338 211 1400 illis
239 1338 349 1398 bonum
380 1340 505 1404 accedat.
541 1335 625 1410 Quid
649 1336 725 1398 istud
746 1337 826 1396 verbi
844 1335 911 1398 est?
941 1337 1009 1401 Her
1027 1359 1086 1417 ego

64 1419 173 1479 nomine
191 1436 269 1478 voco
277 1415 474 1492 castigationes
499 1414 692 1495 quorundam,
712 1435 775 1492 que
794 1413 937 1489 ejusmodi
953 1416 1031 1493 sunt,
1051 1435 1087 1480 ut

64 1496 147 1558 molto
156 1494 273 1557 mendis
284 1495 342 1555 illis
354 1491 383 1556 dc
396 1495 603 1571 periculosiores
622 1495 651 1556 δι
672 1493 881 1570 perniciosiores
892 1495 1011 1570 judicari
1036 1498 1087 1559 de·

63 1573 145 1635 beant.
186 1571 405 1649 castigationes,
431 1574 562 1648 inquam,
587 1591 650 1650 quae
664 1591 755 1650 quum
779 1591 815 1631 ex
840 1571 900 1634 sold
920 1573 1085 1650 conjestura

61 1649 273 1726 proficiscantur,
291 1649 359 1733 (qua
373 1650 446 1712 nihil
460 1653 587 1712 fallacius
599 1649 651 1712 elle
663 1647 780 1723 scimus)
802 1649 917 1712 extrulis
929 1667 1023 1713 temen
1036 1652 1084 1728 iis,

64 1748 116 1806 quc
137 1748 269 1792 veterum
290 1730 423 1790 codicum
449 1731 599 1792 autoritate
625 1731 778 1799 nituntur,
811 1728 1035 1810 (qualescunque
1059 1733 1084 1794 ii

64 1807 121 1882 lut)
139 1810 170 1869 in
182 1827 282 1872 aarum
297 1809 394 1870 locum
407 1827 466 1884 quo
477 1810 539 1884 jure
552 1811 664 1905 quique
684 1807 787 1882 Iniuria
800 1807 995 1869 intruduntur.
1013 1855 1014 1858 ,
1036 1810 1085 1872 Ac

64 1881 112 1948 luit
121 1887 240 1964 quidem
253 1903 376 1958 tempus,
399 1907 490 1966 quum
503 1887 534 1949 in
545 1887 641 1948 minus
648 1887 772 1948 celebres
784 1883 925 1946 duntaxat
934 1885 1084 1964 scriptores

62 1961 115 2026 hcc
126 1966 241 2026 audacia
253 1962 435 2040 graffareturr
468 1965 517 2026 sed
536 1967 652 2026 tandem
664 1968 710 2024 'ne
733 1965 749 2024 ὲ
766 1963 993 2038 primoquidem
1004 1981 1084 2026 note

64 2040 241 2118 sctiptoribus
254 2063 358 2103 manus
370 2042 550 2118 temperavit.
581 2043 653 2102 Ecce
665 2041 746 2102 enim
759 2039 867 2102 Titum
884 2040 1002 2100 Livium
1015 2058 1083 2102 ante

63 2119 163 2198 aliquot
171 2141 264 2183 annos
276 2121 366 2182 multa
386 2119 551 2196 hujusmodi
564 2119 779 2196 castigationum
792 2119 910 2179 vulnera
937 2117 1022 2194 (proh
1041 2120 1083 2180 fa·

60 2196 148 2273 cinus)
168 2198 276 2274 pallum
293 2221 301 2258 a
325 2219 392 2260 ecce
404 2199 450 2259 M.
462 2199 600 2262 Tullium
611 2197 782 2259 Ciceronem
795 2205 860 2258 ante
875 2197 984 2275 aliquot
997 2215 1078 2260 men·

62 2271 165 2339 serron
178 2277 358 2352 paucioribus
369 2277 520 2338 loedatum.
558 2277 619 2356 (De
632 2276 726 2337 Plinio
749 2293 841 2356 taceo,
869 2294 955 2354 quern
968 2275 1009 2338 sat
1028 2297 1082 2340 no·

60 2355 526 2420 ruutomnesomnibusomnium
539 2354 720 2430 conjecturis,
739 2369 873 2432 tanquam
895 2373 1083 2416 communem

61 2431 182 2510 scopum,
205 2432 312 2496 misere
324 2433 401 2494 luille
413 2431 603 2508 expositum.)
636 2432 770 2494 Tandem
781 2431 850 2492 vead
872 2433 901 2494 dr
925 2432 1082 2494 inGraecos
1110 2493 1113 2499 a

60 2509 197 2574 itllaeviri
210 2529 341 2588 coeptum
363 2511 414 2584 est,
447 2513 613 2590 &quidem
632 2511 664 2573 in
688 2513 845 2572 nonnullos
863 2513 960 2584 etiam,
978 2510 1084 2588 quibus

59 2588 124 2664 olim
135 2593 183 2650 vel
204 2590 256 2665 ipsr
268 2588 360 2653 hostes
372 2606 560 2668 pepercerant,
583 2589 695 2670 &quos
705 2605 761 2665 pre
773 2590 879 2656 ceteris
899 2589 957 2665 ipsa
969 2607 1086 2650 venera-

59 2681 84 2726 ta
95 2685 154 2730 erat
175 2669 337 2745 antiquitas.
375 2667 489 2730 Horum
509 2670 541 2730 in
564 2687 685 2730 numero
709 2667 749 2728 cll
768 2667 924 2741 Euripides,
945 2668 1083 2744 inquens

58 2762 212 2822 egouuper
226 2747 322 2807 nescio
332 2745 402 2824 quid
424 2745 642 2808 annotationum
663 2745 795 2818 scribens,
824 2763 916 2820 quum
929 2746 1027 2806 multis
1037 2765 1084 2807 ca·

57 2821 255 2900 liigationibus
277 2827 476 2898 vulneratum,
515 2825 614 2884 multis
642 2823 810 2899 conjedlutis
832 2823 989 2883 sauciatum
1012 2839 1082 2884 eum

55 2899 141 2978 fitilla,
173 2904 271 2978 aperte
290 2902 472 2974 ostenderlm,
492 2918 586 2963 totum
598 2901 683 2966 illum
697 2904 796 2962 locum
809 2899 867 2961 huc
878 2898 1083 2976 proferendum

54 2981 162 3056 censeo,
198 2983 228 3043 δι
244 2981 363 3058 quidem
375 2978 458 3042 altius
482 2981 647 3056 repetitum.
686 2977 928 3055 Istasuntigitut,
945 2995 1008 3055 quae
1022 2977 1083 3044 huc
1211 3023 1212 3028 κ

57 3060 226 3132 pertinentia
247 3061 289 3120 ibi
303 3060 405 3134 scriplr.

93 3137 211 3200 Addam
224 3157 313 3211 nunc,
324 3139 471 3215 quidnam,
486 3155 583 3216 prater
594 3137 643 3199 illa
655 3153 718 3212 quae
728 3132 798 3210 dixi,
817 3135 852 3198 ad
871 3132 991 3200 edendas
1000 3135 1083 3214 hasce

58 3219 256 3276 annotationes
269 3235 316 3276 me
330 3219 485 3292 impulerit.
520 3217 615 3278 Incidi
635 3213 788 3292 aliquando
810 3213 842 3277 in
854 3215 991 3294 quosdam
1001 3219 1084 3294 locos

56 3288 213 3366 Euripideae
232 3293 380 3367 editionis,
403 3315 465 3372 que
487 3295 593 3371 prodiit
617 3314 652 3354 ex
678 3293 817 3370 Hervagii
850 3289 969 3358 officinal
1002 3315 1081 3355 anno

57 3367 98 3428 M.
108 3371 149 3430 Ι).
162 3370 322 3443 XXXVII,
341 3371 373 3432 in
384 3373 489 3450 quibus
497 3374 614 3434 mirabar
626 3390 684 3434 tam
703 3369 824 3435 fideliter
833 3374 950 3436 retineri
962 3369 1083 3450 potuille

56 3449 150 3509 omnia
160 3449 275 3521 menda,
294 3449 324 3508 δι
337 3451 453 3526 quidem
466 3453 550 3512 etiarn
563 3449 710 3526 levillima,
722 3467 787 3527 que
808 3453 840 3514 in
863 3453 970 3513 Aldine
991 3461 1083 3512 erant.¹

57 3521 147 3602 Quod
166 3547 223 3604 ego
235 3528 327 3588 nimia
345 3527 729 3606 quadamre1igionepoaius
748 3530 835 3606 quam
856 3529 1016 3604 ignorantie
1038 3528 1081 3588 fa·

57 3603 197 3668 dumelle
218 3605 436 3680 interpretabar:
457 3606 550 3666 donec
570 3609 707 3685 quosdam
732 3605 938 3678 locosoffendI,
964 3606 1014 3687 qui
1037 3605 1081 3666 se-

57 3699 108 3748 tus
130 3701 178 3746 me
200 3683 231 3743 id
252 3683 433 3758 interpretari
456 3683 599 3759 debuille,
628 3685 724 3760 aperte
743 3683 936 3745 ostenderunt.
984 3685 1024 3746 Ex
1044 3685 1082 3762 iis

57 3777 150 3825 auten
176 3762 234 3854 luit
257 3759 311 3832 iste
337 3761 369 3825 in
394 3761 517 3849 Helena,
539 3764 603 3846 pag.
618 3778 659 3823 ¹0.
674 3761 750 3844 daupu*
775 3759 837 3848 pals),
856 3758 944 3832 alrr'o
961 3759 1080 3828 l’lraar.

577 3857 580 3862 ’
1013 3861 1082 3904 nem
