2520 4468
265 201 349 306 jau·
516 178 674 258 V1rn
713 171 1040 258 HENRICI

262 315 335 374 adeo
354 325 387 370 ut
415 307 525 385 quoties
546 305 639 380 aliqua
666 323 742 366 nova
766 303 865 366 Lexici
891 301 980 365 editio
1003 297 1121 379 prodibat,
1137 294 1209 360 auda

264 387 442 465 locupletati,
471 383 626 458 Semperne
656 381 791 456 (ditaret)
813 399 937 444 veterem
962 381 1033 442 hanc
1051 379 1175 440 cantilenam
1186 396 1209 436 ru

265 469 368 526 diam?
402 463 600 537 Nunquamne
629 461 723 538 aliqua
753 462 853 522 Lexici
886 458 974 520 editio
992 454 1208 520 emendatietiaub

265 542 382 604 cerredi
407 545 462 602 live
474 537 616 616 repurgati
630 538 779 614 prodibit?
808 540 854 598 Ac
867 537 1037 613 profedbab
1056 536 1101 596 hae
1118 531 1210 608 repurpd·

265 641 321 682 one
332 621 448 682 initium
469 617 581 678 sumere
599 617 673 676 olim
688 618 714 676 ei
732 616 763 678 in
783 615 965 686 animo-fuit,
984 617 1011 676 δι
1032 625 1211 690 tanquamvttnrl

265 698 338 759 aedes
357 699 509 758 instaurare
539 715 571 753 ac
590 693 719 754 resarcire
735 725 753 763 ‚.·
778 694 860 754 dum'
874 712 964 756 novas
989 691 1128 754 edificandi
1146 687 1211 773 lacrltrr

267 777 355 838 elles:
380 773 585 852 sedpostquam
598 773 638 830 ibi
659 773 762 846 Augiae
786 770 927 834 stabulum
948 770 1211 846 ellespostqumour

266 857 379 914 ruinam
394 851 494 914 minari
508 851 655 924 comperit,
678 849 819 910 suli-llum
833 849 941 926 incepti
956 851 1055 926 puduit
1067 847 1146 923 pariter
1160 840 1212 930 &po

267 934 365 992 nituit.
405 915 502 990 Paratdr
513 947 607 988 autem
621 931 676 1006 jam
698 928 773 988 bend
792 928 928 992 materim
944 947 1008 1007 quae
1029 928 1061 986 ad
1072 943 1156 984 noum
1170 917 1212 979 ul

216 1053 220 1061 ,
268 1014 348 1072 cium
363 1009 563 1086 requirebatur,
583 1023 679 1081 partes.
697 1024 773 1066 mors
785 1005 856 1065 illud
877 1005 961 1067 nobis
973 1005 1081 1068 invidit.
1105 1003 1159 1076 Qua
1166 1013 1212 1073 qul

267 1089 305 1148 ita
321 1087 394 1164 fint,-
403 1105 499 1147 nonne
511 1087 538 1144 &
550 1087 566 1144 d
587 1083 723 1144 fidelitate
734 1075 850 1158 paternal
858 1081 1033 1146 descivillem
1045 1103 1073 1142 ac
1086 1071 1223 1158 degenedul

269 1167 365 1238 (cujus
377 1159 549 1240 potillrmbm
570 1160 711 1221 heredem
722 1161 751 1220 se
772 1160 848 1222 ame
871 1162 996 1238 relinqui
1009 1157 1158 1230 existimavit,
1169 1169 1214 1213 utu·

267 1243 315 1305 tea
327 1239 400 1316 dixi)
429 1241 601 1314 &privatim
622 1240 707 1298 etiam
722 1239 806 1298 fidem
827 1241 871 1302 illi
883 1240 979 1302 datam
1002 1238 1136 1310 violallem,
1154 1231 1223 1318 tjdlqlll

269 1341 368 1382 manes
383 1318 483 1392 laedete
508 1317 599 1378 didus
614 1315 717 1378 meritb
731 1315 856 1390 fuissem,
877 1317 939 1380 su&
962 1318 1021 1396 ipse
1046 1317 1150 1380 Lexicon
1165 1310 1223 1384 wll}

269 1417 345 1472 tum,
368 1395 567 1467 licbtautlum,
585 1395 1035 1472 locupletatum,interpolatum,
1051 1389 1223 1472 recondunto&

269 1475 541 1546 reconsarcitratum,
565 1473 749 1536 emendatum
762 1473 887 1550 denique
899 1465 994 1549 passim
1008 1475 1039 1534 bo
1049 1474 1177 1536 eorreuuni
1188 1462 1223 1522 d

271 1552 394 1614 diffem?
416 1553 542 1621 Habetis,
562 1549 797 1623 virichariffimip
810 1571 861 1612 cur
882 1553 898 1612 d
925 1571 973 1612 me
998 1553 1054 1613 lraec
1074 1539 1215 1628 optraniud

272 1630 443 1704 expellanda
455 1630 550 1698 fuerit,
572 1631 599 1688 δι
614 1649 664 1688 cur
677 1629 792 1704 quidvis
806 1627 1056 1704 potimerpeoare
1067 1627 1168 1692 debeatis
1191 1617 1215 1680 ld

272 1708 391 1784 quidde
405 1709 438 1766 iis
447 1708 585 1778 dicamus,
604 1706 654 1782 qui
667 1705 764 1766 lexicis
775 1708 831 1769 illis
852 1707 929 1780 freti,
950 1729 982 1770 ac
994 1713 1147 1770 tan'tumrron
1156 1715 1215 1779 prom

272 1788 344 1848 culis
361 1787 493 1846 babentes
507 1806 548 1859 ea,
571 1803 632 1860 quae
645 1783 675 1843 in
694 1783 751 1842 illis
774 1785 936 1859 traduntur,
954 1787 1117 1864 interpretes
1132 1773 1218 1862 rgull

273 1865 392 1942 quidem
410 1863 545 1922 librorum
559 1862 653 1921 omnis
666 1860 797 1936 generis?
818 1881 868 1926 aut
878 1865 915 1924 de
936 1864 992 1926 illis
1007 1869 1058 1943 qui
1070 1855 1217 1936 hujusmodl*

273 1945 404 2004 uicorum
419 1942 506 2000 dullu
518 1941 546 1999 ὃ(
559 1939 698 2015 auspiciis,
717 1941 893 2015 provinciam
915 1943 1027 2006 Graecas
1047 1940 1166 2020 profitendi
1173 1935 1216 2020 liud⁸

274 2019 456 2096 luscipiuntl
477 2019 557 2089 Quid
576 2019 653 2078 aliud
667 2018 722 2079 hoc
744 2018 795 2092 est,
816 2021 943 2098 obsecro,
967 2023 1057 2100 quim
1074 2013 1217 2084 cacuseaeo'll'

275 2103 322 2156 am
334 2099 409 2157 velle
426 2095 603 2157 monstrare?
634 2098 668 2156 Et
690 2113 786 2157 tamen
813 2096 870 2158 hnc
889 2099 957 2162 sunt
979 2099 1068 2162 hodie
1085 2097 1217 2178 precipuo!

272 2174 627 2252 paucoruminterpretum
647 2174 794 2235 &Graecae
819 2179 925 2254 linguae
945 2177 1218 2252 profellorumamnl*

274 2255 329 2313 bus
347 2249 596 2312 scilicetadversus
617 2255 801 2329 quantumvis
825 2253 979 2330 implicitos
1002 2259 1155 2335 scriptorum
1168 2247 1219 2308 (lm

274 2351 339 2390 rum
354 2329 444 2390 nodos
466 2327 565 2388 acriter
587 2329 733 2390 dimicant.
775 2333 809 2392 Et
829 2335 974 2406 miramur,
1004 2353 1063 2395 tam
1087 2333 1222 2412 putrileq

273 2411 402 2482 ineptas,
429 2424 486 2466 tam
501 2405 643 2476 ridiculas,
668 2426 724 2466 tam
739 2409 816 2468 falsas
827 2412 940 2487 prodire
952 2414 1085 2490 quotidie
1104 2427 1177 2472 eorum

274 2485 467 2560 pretatinnes?
495 2483 547 2543 Sed
562 2485 621 2546 hacc
632 2479 711 2548 dala
725 2488 805 2568 siqu.
1135 2523 1139 2529 -
1216 2542 1219 2553 ,

319 2561 572 2650 SUPuRusT
609 2566 651 2624 Ur
666 2585 713 2623 eos
733 2583 813 2625 metu
834 2564 954 2628 liberam
968 2572 1022 2646 qui
1044 2562 1163 2647 firtldixi]
1178 2584 1199 2610 ¹

277 2660 326 2702 am
339 2641 474 2700 vocabula
493 2661 524 2700 an
549 2661 615 2702 meo
629 2641 761 2704 Thesuro
775 2646 863 2720 longe
888 2647 1045 2726 alioqudm
1067 2639 1206 2724 alpbabttitl

278 2717 346 2778 dine
358 2718 463 2796 digesta
477 2717 529 2780 esse
542 2719 701 2792 audierunt,
722 2721 853 2798 quisnam
872 2723 897 2784 is
915 2722 968 2785 else
988 2726 1082 2802 pollis,
1099 2722 1163 2786 valde
1180 2742 1203 2769 ..n

276 2805 345 2860 tar:
364 2817 405 2871 ac,
423 2817 460 2856 ne
482 2797 515 2856 iis
534 2799 670 2858 duntaxat
693 2803 743 2876 qui
763 2802 793 2859 in
808 2799 913 2876 linguae
925 2803 1033 2868 Graecae
1045 2804 1180 2882 cognitione
1200 2824 1203 2827 ·

278 2879 406 2935 veterani
420 2877 493 2946 sunt,
511 2873 618 2948 (ut'itd
637 2875 745 2954 loquar)
771 2898 829 2938 non
856 2879 925 2940 item
946 2886 1098 2957 tyronibus
1121 2880 1195 2942 labor

276 2956 358 3016 utilis
369 2953 530 3025 futurussrt,
563 2973 704 3016 verentur.
744 2955 841 3016 Sciant
856 2954 946 3030 igitur
970 2959 1024 3032 illi,
1051 2959 1154 3041 quihoc

278 3048 340 3092 eam
361 3032 459 3092 contri
481 3051 543 3108 quae
554 3030 584 3090 in
603 3050 669 3104 meo
681 3032 827 3095 Thesauro
836 3030 955 3098 babetur
968 3041 1161 3100 vocabulorum

278 3121 394 3170 tantum
413 3109 557 3170 commodi
570 3113 616 3168 vel
631 3111 676 3178 iis,
702 3110 752 3186 qui
770 3111 898 3174 Graecam
920 3113 1053 3192 linguam
1080 3107 1203 3178 discert'

277 3202 343 3262 unt,
365 3187 462 3244 afferre
475 3185 557 3263 polle,
583 3205 720 3264 quantum
745 3187 934 3260 alphabeticus
946 3193 995 3252 ille
1015 3195 1088 3256 ordo
1100 3184 1207 3254 affur'

278 3265 369 3324 modi.
415 3262 588 3326 Hostanen
616 3265 742 3341 ingenue
768 3265 868 3339 fateor,
901 3267 920 3326 sr
946 3269 1044 3343 initio,
1066 3259 1212 3350 quumr.

279 3346 323 3404 uri
337 3343 422 3415 coepi,
446 3360 506 3401 rem
523 3359 568 3402 tot
593 3341 810 3404 difficultatibus
833 3343 885 3408 effe
905 3345 1086 3422 implicitam,
1121 3359 1175 3424 quot
1188 3364 1198 3383 ”

278 3423 344 3482 sum
360 3435 503 3496 expertus,
522 3419 726 3493 existimatsem,
749 3421 1005 3494 &foreutnullus
1026 3425 1100 3490 milri
1113 3440 1199 3506 qurcul

280 3521 326 3558 eas
351 3499 448 3558 auxilii
468 3499 599 3570 afferret,
622 3519 714 3575 neque
739 3519 773 3561 ex
794 3501 889 3575 priscis
910 3521 1005 3579 neque
1026 3527 1064 3566 ex
1086 3507 1118 3568 iis
1133 3499 1207 3579 quil⁰¹

278 3579 450 3652 quodsum,
470 3577 503 3634 ad
525 3575 616 3636 nostra
639 3578 727 3652 usque
751 3596 876 3654 tempora
894 3584 1097 3656 grammaticis,
1115 3581 1153 3642 sed
1175 3594 1199 3621 ·”

279 3672 370 3716 arteas
397 3655 489 3714 Marte
515 3674 578 3716 meo
601 3673 782 3730 perrumpere
805 3675 942 3732 cogerer:
992 3661 1097 3724 uodvis
1119 3671 1173 3720 onus

280 3733 367 3811 quon
381 3730 453 3796 illud
473 3729 672 3808 suscepillem:
695 3732 750 3796 Sed
768 3733 821 3799 hle
833 3737 864 3798 in
877 3753 909 3798 re
923 3679 1066 3815 prodestb,
1091 3737 1117 3804 sr-
1126 3736 1166 3799 alil
1174 3729 1204 3816 ἰῇ
