2520 4468
220 185 362 320 340¹
471 206 629 290 Vrrn
667 195 1004 291 HENRlCl'
1250 187 1252 250 ¹

220 351 379 430 sumptibus
394 368 523 426 parcunt,
541 347 663 416 &suam
682 351 798 416 interim
811 349 972 412 editionem
995 347 1037 411 iis
1052 365 1116 427 que
1131 346 1221 428 requirit

220 430 402 492 adminiculis
414 429 569 490 fraudante
587 429 673 492 illud
686 430 717 492 in
741 450 790 490 ore
812 429 922 505 semper
947 427 1101 502 habentes,
1117 429 1224 491 Nooui-

219 511 297 572 noris
309 525 459 584 propterea
471 507 587 567 vaeniet.
626 507 682 569 Sed
695 507 765 588 quid
782 507 820 567 de
832 526 964 568 veterum
977 508 1180 582 exemplarium
1196 510 1226 566 in·

220 607 264 648 ter
276 586 304 646 se
319 584 470 645 collatione
484 585 612 660 loquuti
628 585 695 648 Imd
715 587 747 648 in
767 583 923 662 deligendo
934 585 1026 644 etiam
1053 582 1226 664 typographico

138 723 141 728 ,
221 664 373 736 exemplari
388 665 466 740 quod
485 663 514 723 in
526 661 573 722 sut
588 665 716 725 editione
734 662 896 739 sequantur,
916 662 1050 723 nummis
1062 665 1132 724 belli
1144 663 1229 741 qudo

220 739 395 818 typographi
415 757 554 816 parcunt:
574 741 699 820 idedque
718 740 797 820 quod
819 742 943 817 primum
964 742 995 800 in
1010 740 1138 802 illorum
1158 757 1231 802 tuetur

221 821 336 891 incidit,
354 819 428 880 stell
444 817 554 880 Aldino
575 837 625 882 aut
636 820 693 879 alio
705 817 841 895 quopiam
856 818 951 892 vilius,
969 839 1006 879 eo
1026 819 1163 882 contenti
1180 815 1232 880 sum

224 899 325 958 Fateor
343 913 437 957 tamen
450 895 503 958 esse
517 896 634 972 aliquos,
652 898 702 974 qui
726 917 764 958 ne
790 897 847 958 hoc
863 895 984 972 quidem
1005 899 1124 970 norint,
1142 895 1232 974 quidsi

225 975 323 1047 A'ldo,
341 975 411 1052 quid
428 975 463 1034 ab
486 973 548 1035 aliis
578 993 674 1050 petere
691 975 822 1036 debeant.
872 973 972 1046 Qud
990 993 1033 1034 ne
1060 975 1146 1035 valde
1165 972 1234 1050 mirer,

227 1055 430 1129 facitquidam,
450 1052 510 1130 qui,
528 1053 599 1113 dum
619 1055 650 1114 in
675 1054 800 1130 quodem
824 1070 909 1126 opere
929 1071 997 1113 meo
1018 1051 1187 1131 ingeniosus
1201 1051 1234 1113 eh

226 1134 331 1202 soluit,
350 1130 487 1191 nimirum
500 1129 531 1192 in
551 1134 615 1192 med
629 1129 825 1208 Xenophontis
848 1129 988 1205 editione,
1005 1128 1143 1192 ostendit
1157 1125 1235 1191 secio

226 1209 279 1268 rlir
293 1211 382 1269 multa
401 1209 499 1268 multis
513 1210 599 1269 etiarn
625 1211 720 1284 pueris
742 1227 822 1281 nota,
840 1209 983 1284 ignorare,
1002 1225 1075 1270 turn
1091 1207 1236 1270 verann

228 1288 367 1364 phontem
393 1307 428 1346 er
442 1285 554 1346 venen
576 1286 782 1357 Aldiofficint,
806 1287 834 1346 dr
859 1308 895 1347 ex
918 1286 1098 1348 Florentius
1124 1285 1236 1348 hardu

228 1365 351 1441 Philippi
357 1365 451 1438 Juntae
462 1363 600 1439 prodiisse.
641 1365 697 1428 Sed
712 1367 782 1442 quid
795 1371 882 1431 tum?
909 1365 1002 1431 (dicet
1016 1363 1175 1442 quispiam)
1191 1361 1236 1440 quis

229 1445 314 1518 hujus
324 1442 363 1501 rei
378 1442 521 1521 ignoratio
534 1443 631 1505 afferre
642 1443 739 1504 damni
753 1444 870 1520 potuit?
889 1439 955 1502 lmd
977 1443 1052 1503 veris
1080 1443 1160 1505 illius
1178 1443 1187 1502 i

228 1520 346 1582 rationis
363 1519 411 1579 dat
423 1520 466 1578 illi
480 1537 577 1595 poenas
600 1521 763 1597 Xenophon
784 1521 815 1580 in
835 1522 899 1591 ills,
916 1539 981 1596 quae
996 1519 1035 1580 ad
1059 1541 1158 1584 meam
1251 1551 1252 1554 ¹

229 1599 271 1658 esi
290 1593 369 1670 (litet
380 1597 408 1655 id
422 1595 620 1672 dissimuletur)
640 1600 772 1662 editione
816 1597 893 1659 Nam
906 1617 999 1678 quum.
1007 1617 1068 1678 ego
1078 1601 1115 1662 in
1129 1603 1188 1661 med
1197 1617 1236 1658 un

228 1671 325 1736 sotum
346 1675 453 1734 multos
476 1692 585 1736 veteres
603 1679 726 1746 codices,
748 1676 796 1738 sed
817 1680 905 1738 etiam
928 1697 1031 1737 omnes
1051 1679 1235 1756 undiqueroo

230 1753 343 1830 quisuis
367 1751 507 1814 editiones
530 1753 757 1833 typographicae,
789 1756 940 1824 Aldinam‚
957 1754 1236 1831 florentinam&-

231 1833 354 1891 manicas
363 1831 493 1908 aliquota
513 1831 542 1892 its
562 1833 730 1910 quibusdam
753 1835 823 1894 veri)
846 1833 950 1893 libellis
972 1833 1181 1906 &Parisrnam
1195 1849 1236 1892 net·

232 1929 294 1972 non
313 1907 553 1984 complutensem,
567 1911 707 1988 quandam
723 1912 795 1973 item
808 1931 869 1989 quae
881 1931 915 1970 ex
927 1906 1047 1972 officind
1062 1909 1235 1973 Ansstelnieoi

138 2016 141 2020 ·
232 1987 341 2064 prodiit
353 1988 383 2046 in
397 1987 544 2050 consilium
558 1987 742 2053 adhibuissem
755 2035 763 2064 ,
783 1991 875 2050 bonus
887 1989 937 2048 ille
950 1990 1003 2062 vir,
1021 1990 1078 2070 qui
1094 2010 1185 2068 quum
1192 1990 1237 2048 oe·

169 2086 173 2092 ·
232 2066 358 2126 manicas
376 2061 489 2126 tantiam
515 2065 638 2138 viderit,
665 2085 828 2146 eateratum
851 2087 958 2129 nomen
984 2070 1135 2131 nefando
1154 2066 1237 2146 qudo

233 2141 366 2213 audierit,
383 2163 484 2202 omnes
501 2159 595 2206 tamen
620 2145 767 2208 sevidisse
788 2158 878 2220 putat,
902 2143 995 2224 (quod
1015 2147 1148 2222 perinde
1170 2144 1202 2206 ess
1215 2159 1235 2200 x

233 2218 319 2294 siquis
332 2219 395 2279 visis
406 2219 496 2280 tribus
506 2239 687 2296 aut-quatuor
697 2225 855 2285 Germanire
869 2224 1022 2300 oppidulis,
1033 2246 1146 2288 omnes
1159 2225 1185 2286 se
1194 2223 1238 2284 Ge·

233 2295 335 2356 marrier
344 2298 432 2356 urbas
440 2299 589 2374 petr'graffe
602 2299 733 2376 instaret)
746 2305 924 2378 tyrannicam
944 2305 1093 2381 quendam
1113 2305 1152 2366 iss
1170 2313 1237 2363 mm

236 2373 458 2448 Xenophontem
472 2376 616 2440 censuram
630 2379 697 2458 agit,
717 2380 787 2441 dum
799 2381 878 2442 illius
890 2393 1000 2444 terrum
1012 2383 1123 2443 multis
1142 2373 1240 2444 teffirri

222 2454 289 2514 vhus
300 2453 649 2542 alioquiueommodiffintis
667 2457 779 2534 spoliat,
797 2461 933 2538 quoniam
956 2460 992 2520 itt
1009 2459 1106 2520 nullis
1123 2455 1252 2530 codini!¹

237 2547 345 2599 extent,
365 2529 458 2620 utilit
486 2532 588 2608 inquit.
628 2535 880 2611 Siccine‘(quaeso)
906 2539 990 2613 hujus
1008 2529 1240 2617 reiigttontio‘n

234 2606 435 2680 Xenophontis
448 2609 624 2698 immerentis
634 2631 720 2686 caput
735 2615 891 2674 redundare
910 2615 1041 2677 debuit?
1068 2635 1107 2678 ut
1134 2617 1242 2698 omitte!

236 2685 290 2745 alia
301 2688 420 2744 vulnera
431 2703 492 2760 quae
505 2689 707 2764 ignorantia&
719 2691 830 2754 inscitia
850 2693 894 2754 illi
905 2695 1020 2756 ibidem
1028 2693 1153 2755 inflixit.
1178 2695 1252 2768 istst

236 2762 321 2850 focile
329 2785 382 2840 per
396 2764 488 2822 literas
499 2767 608 2826 consuli
617 2769 653 2828 de
667 2769 783 2846 singulis
793 2769 951 2847 potuissem,
988 2792 1025 2832 ne
1049 2773 1163 2834 indissai
1186 2750 1252 2846 ets]

238 2842 437 2903 damnarentur
460 2841 593 2926 lestiones
615 2847 671 2908 ill'ae
685 2871 696 2920 ι,
727 2849 878 2924 praeserrim
899 2851 969 2909 veto
982 2850 1252 2926 interrogation

154 2987 155 2990 Ἴ
196 2978 199 2982 ,
236 2919 303 2980 soles
313 2900 491 2980 ¹Germanilrrr
502 2921 713 2987 editionesante
726 2945 817 2987 meam
840 2926 1013 3004 prodiissent,
1032 2928 1061 2988 dr
1085 2921 1252 3006 quirun}

16 3013 19 3018 ’
131 3037 132 3040 =
237 2997 328 3070 disset,
351 2999 422 3059 visas
445 2989 557 3092 sihiesse
571 3021 680 3075 omnes,
701 3003 799 3078 §adiere
820 3005 916 3079 posset.
956 3005 1018 3084 ligo
1030 3010 1114 3066 certe
1128 2999 1252 3067 ronch

236 3075 392 3148 nophontis
406 3076 463 3136 mei
478 3077 586 3152 causasm
598 3083 654 3156 agi,
672 3083 817 3142 autetiam
837 3079 890 3156 (ut
912 3085 950 3143 ita
973 3080 1082 3154 dicam)
1106 3083 1151 3145 de
1175 3079 1252 3151 thl'¹

237 3152 354 3228 phontis
369 3153 426 3212 mei
447 3156 606 3234 capitoagi
625 3160 805 3234 intelligens,
818 3181 877 3220 non
889 3157 1003 3222 tantirm
1016 3159 1252 3236 lubentissime,

236 3227 407 3305 scripsissem,
426 3249 489 3322 quae
500 3233 639 3318 editiones
656 3236 973 3374 c'fmptehenderentur¹
985 3259 1058 3300 voce
1070 3240 1202 3310 Omnes
1210 3224 1252 3298 22

238 3321 298 3367 non
312 3307 438 3368 credenti
452 3309 621 3384 inspiciendi
643 3333 670 3375 et
683 3335 727 3376 am
750 3316 864 3391 copiam
889 3311 1027 3389 fecissem,
1045 3316 1141 3379 missis
1161 3313 1206 3394 qui
1250 3331 1252 3376 l

236 3385 271 3444 ad
284 3387 366 3446 illum
381 3385 549 3461 perferrent,
568 3410 718 3468 antequam
729 3390 760 3452 in
773 3393 901 3454 nobilem
921 3392 1007 3454 illurn
1021 3393 1193 3468 scriptorem
1250 3403 1251 3406 ’

238 3465 309 3537 quid
330 3463 408 3525 s'eeus
420 3462 591 3526 statueretur.
633 3468 724 3532 Passus
741 3469 782 3532 est
794 3489 887 3532 autern
902 3471 932 3532 in
950 3469 1052 3532 esdern
1072 3474 1129 3533 illa
1143 3467 1252 3541 edim}

237 3541 271 3598 a‘d
292 3563 384 3603 meam
398 3541 497 3615 affittt,
518 3545 646 3622 quaedam
657 3549 743 3608 etiarn
756 3567 832 3608 nova
846 3553 974 3618 vulnera,
996 3549 1111 3612 utidirti
1127 3573 1137 3609 :

239 3619 323 3690 abest,
344 3622 421 3682 utiis
434 3642 495 3699 qun
515 3624 576 3684 aliis
598 3625 716 3685 sananda
742 3627 922 3706 reliqueram,
941 3623 1012 3702 (hoc
1029 3630 1111 3690 enim
1145 3630 1152 3642 '
1176 3623 1184 3638 ⁸

238 3694 342 3767 sertor)
368 3699 605 3763 medicinafuerit
616 3703 749 3765 adhibita.
956 3707 959 3711 ’

250 3775 451 3844 'lienteriam
464 3780 686 3858 querimoniam,
703 3779 938 3856 virithetissrmi.
969 3783 1099 3850 lubenter
1131 3782 1247 3906 tanqu}
