2564 4476
208 169 289 225 202
460 135 613 221 Vrsa
656 135 993 226 HENRlGl

348 397 504 474 Carolus
522 399 723 498 Stephanus
745 401 950 478 Henriculo
968 401 1036 478 suo
1061 404 1099 482 S.

280 595 480 662 'ldeotandem
494 598 525 660 in
539 615 577 676 te,
588 599 746 676 Nepotule,
759 602 839 678 quod
853 603 909 679 jam
922 603 1033 680 pridem
1044 599 1171 665 summo
1183 603 1238 674 dest·

306 699 386 764 derio
403 701 565 778 cupiebam,
585 717 671 775 atque
684 699 714 762 id
737 718 878 780 quantum
891 703 1043 782 gaudeam,
1063 701 1138 764 satis
1161 707 1241 784 expri-

202 825 280 866 mere
293 821 354 864 non
367 799 483 877 possum.
527 799 670 879 Magnum
682 799 759 861 enim
773 799 813 862 est
822 801 1032 864 adolescentem
1046 807 1185 879 paternis
1194 825 1241 866 non

202 902 296 966 solirm
309 901 438 963 moribus
451 899 595 964 sedetiam
607 901 727 978 ingenio
739 900 924 978 adsequendo
936 901 1121 982 inuadere,
1142 922 1180 968 ut
1196 906 1241 980 iam

202 1009 237 1068 ab
247 1008 365 1070 ineunte
377 1021 458 1066 aetate
472 1002 594 1066 felicem
613 1002 748 1066 omnibus
767 1003 880 1080 ingenii
894 1004 938 1070 sui
958 1004 1242 1082 expectationem:

202 1109 325 1186 linquar.
364 1104 419 1170 Sed
433 1102 529 1166 nescio
538 1123 574 1163 an
587 1101 723 1164 omnium
737 1102 956 1170 maximumelse
967 1103 1027 1168 diei
1038 1105 1166 1182 debeat,
1188 1127 1243 1184 pra·
1277 1183 1278 1190 ἵ

201 1203 346 1290 ceptorein
360 1203 474 1268 nauum
487 1197 578 1273 fuisse,
596 1201 647 1278 qui
659 1199 732 1262 bene
746 1217 847 1264 natum
862 1199 1013 1282 ingenium
1027 1205 1165 1279 excolat,
1184 1205 1244 1282 patri
1276 1197 1278 1264 l

198 1309 318 1372 similem
329 1301 444 1378 efficiat,
462 1300 653 1382 omniirmque
664 1303 804 1368 bonarum
814 1305 962 1366 literarum
981 1307 1173 1370 ornamentis
1186 1308 1244 1368 illu·

202 1409 287 1476 litem
301 1424 386 1486 atque
406 1405 542 1483 insignem
565 1403 673 1466 reddat.
713 1401 839 1483 Qualem
849 1403 1062 1469 foelieissrnsee
1075 1407 1245 1484 adsecutum
1277 1431 1278 1452 ³

202 1507 382 1571 fuisseaudio
395 1503 539 1582 Jacobum
551 1501 713 1580 Tutanum,
736 1506 831 1566 virum
853 1505 1084 1572 &inducendo
1111 1489 1198 1597 §lin
1211 1509 1245 1570 dl·
1277 1549 1278 1572 r

204 1607 298 1672 :endo
310 1627 343 1669 ac
361 1605 510 1670 scribendo
528 1622 616 1668 tante
635 1609 712 1683 apud
735 1606 863 1674 eruditos
881 1627 982 1674 ornnes
995 1601 1203 1689 authoritatis,
1220 1617 1249 1673 ut
1276 1575 1278 1648 i

204 1725 354 1788 nunquam
376 1702 509 1768 Ciceroni
525 1706 617 1788 tnagis
634 1705 855 1772 commendatus
872 1701 1032 1784 Cratippus.
1074 1692 1132 1803 ‘ib
1145 1731 1247 1778 eonon
1275 1717 1278 1850 q

203 1805 320 1874 tannim
332 1801 483 1881 utriusque
495 1805 602 1882 lingua
611 1803 788 1868 venustatem
802 1800 964 1880 perdisces:
983 1803 1031 1866 sed
1046 1807 1149 1872 ctialn
1160 1829 1247 1873 mores
1277 1865 1278 1872 ,

205 1907 379 1980 edoceberis,
399 1903 484 1983 plane
508 1903 623 1984 dignos,
654 1903 705 1984 qui
727 1921 811 1966 tuum
835 1901 986 1980 ingenium
1009 1911 1247 1974 commendent:

205 2013 281 2091 quod
292 2009 362 2086 quid
374 2006 450 2068 aliud
463 2005 519 2068 dici
531 2009 615 2070 debet
628 2005 714 2086 quim
725 2005 955 2084 philosophicum
969 2011 983 2068 ?
1001 2004 1108 2068 Eumli
1127 2007 1247 2088 sequeris

206 2117 321 2184 ducem,
340 2109 433 2170 multi>
447 2108 562 2169 tandem
575 2108 705 2178 celeriin,
724 2107 818 2168 multb
829 2105 931 2174 reilids
944 2128 977 2170 ae
987 2111 1189 2175 oommodiits
1202 2115 1246 2172 iter

206 2212 344 2279 absolves,
362 2203 440 2284 quod
452 2203 486 2266 ad
499 2224 598 2267 omnes
613 2207 733 2268 virtutes
742 2204 940 2282 adipiscendas
954 2206 1043 2270 ducit.
1059 2207 1141 2272 Non
1155 2207 1247 2288 pasin
1276 2259 1277 2264 ,

117 2331 120 2338 ·
207 2311 285 2372 enim
296 2307 336 2368 est
349 2304 453 2382 surige
466 2319 514 2366 aut
526 2307 663 2367 nauclero
678 2305 734 2368 sue
746 2305 812 2368 artis
835 2303 1001 2386 peritiffino
1012 2325 1139 2371 currum
1149 2327 1247 2376 navent

207 2409 296 2470 vitam
306 2404 432 2479 denique
447 2402 525 2464 suam
538 2404 713 2468 commisrsle.
755 2405 855 2484 ltaque
870 2406 926 2480 jam
949 2425 1008 2467 non
1021 2405 1156 2482 ampliirs
1168 2411 1248 2474 uideo
1276 2435 1277 2462 ι

205 2503 262 2565 tibi
275 2498 458 2580 proponenda
468 2497 530 2572 eise,
544 2499 704 2576 Nepotule,
722 2519 786 2578 quae
799 2503 924 2563 solebam
935 2499 1247 2579 superioribusdiebus,
1272 2463 1277 2626 i

206 2619 274 2662 cum
287 2621 320 2661 ea
333 2596 458 2676 graviter
472 2595 663 2672 perdidiceris.
703 2597 846 2660 Solidior:
871 2599 962 2678 igitur
975 2618 1046 2674 opus
1061 2599 1104 2660 eli
1126 2603 1207 2681 cibo,
1226 2601 1250 2663 a

207 2701 258 2782 qui
272 2699 377 2772 majora
391 2713 418 2756 re
439 2695 549 2766 doceat,
571 2692 750 2776 oblesistque
777 2699 986 2776 aliquantulum
1010 2697 1045 2758 iis
1062 2698 1164 2774 rebus,
1181 2719 1248 2780 quas

206 2801 345 2864 nimirum
365 2795 422 2858 scio
435 2797 487 2857 tibi
504 2799 670 2872 perplacere.
710 2797 798 2860 Fuisti
819 2799 898 2860 enim
917 2797 1027 2876 semper
1045 2798 1137 2861 etiarn
1151 2800 1249 2864 admo·

200 2879 279 2978 falum
293 2899 425 2962 tenellus,
446 2895 594 2956 horrorum
609 2896 840 2960 stodiofissrmus:
874 2915 908 2958 ut
923 2898 971 2956 vel
983 2893 1081 2958 adhuc
1094 2895 1248 2971 semestris,

201 2979 361 3080 'composito
375 2993 491 3057 floribus
504 2992 611 3054 serrulo
624 2985 783 3065 plurimirm
802 2989 982 3066 deleilareris
996 3013 1005 3050 :
1037 2991 1070 3054 in
1085 3013 1149 3072 quo
1160 3013 1248 3072 pates·

206 3118 278 3172 num
299 3097 435 3175 quiddam
459 3097 604 3157 referebas.
647 3092 736 3152 Mitto
751 3091 788 3150 ob
811 3091 840 3152 id
863 3113 961 3153 meum
974 3090 1130 3155 hortulum
1151 3095 1186 3156 ad
1209 3113 1245 3170 te,

203 3175 266 3279 qud
278 3219 327 3276 per
339 3197 433 3258 otium
453 3197 580 3256 animum
596 3193 624 3254 δι
639 3193 739 3254 oculos
761 3189 935 3266 quotidianis
949 3189 1049 3252 studiis
1061 3191 1184 3256 defessos
1196 3193 1248 3252 ali·

205 3296 376 3376 quantulum
388 3290 516 3351 reficias:
535 3291 654 3351 Nature
667 3286 820 3348 artificium
836 3287 1006 3350 admireris:
1034 3287 1133 3351 bonos
1147 3293 1247 3354 autbo-

206 3419 250 3461 res
264 3393 422 3468 intelligas:
441 3386 603 3468 iisqnetunr
616 3387 735 3446 demum
747 3386 903 3462 incumbas,
921 3407 985 3464 quae
995 3387 1069 3452 bene
1079 3407 1167 3454 natos
1178 3391 1246 3454 ado·
1275 3401 1276 3406 ’

204 3493 342 3560 lescentes
355 3489 466 3550 decent
507 3485 612 3562 Neque
626 3481 695 3542 vero
708 3483 803 3543 audias
813 3505 872 3556 eos,
893 3486 941 3563 qui
953 3482 1085 3544 nostrum
1096 3485 1131 3548 in
1142 3488 1192 3550 hic
1212 3510 1244 3550 re

205 3591 369 3653 institutum
384 3587 490 3668 linguis
504 3586 660 3648 traducunt
683 3581 749 3656 suis,
773 3585 852 3660 quasi
875 3584 905 3646 id
928 3583 1124 3650 adolescentes
1148 3583 1245 3648 minias

205 3695 313 3766 deceat,
330 3671 415 3782 ‘quorl
430 3690 524 3768 aliquo
538 3687 710 3765 prelegente
730 3679 763 3758 (sr
777 3685 829 3746 diis
841 3685 947 3762 placet)
974 3683 1060 3770 fuerit
1074 3706 1242 3768 exceptum·

1186 3801 1240 3848 dut
