2520 4468
197 195 281 300 334
458 179 974 278 VttaiHENRlCl

194 349 236 412 est
250 347 320 430 quin
341 346 468 428 plerique
494 350 556 428 post
583 349 729 414 demorsos
745 348 945 428 aliquantisper
967 367 1094 424 ungues,
1121 357 1211 413 velam

192 425 492 506 teutonemaffequuti
514 424 679 506 comitanti
702 427 831 489 firiffent:
854 447 979 495 atnunc,
1002 447 1097 506 quum
1110 447 1212 507 eaque

190 505 340 580 supersunt
363 527 437 568 verae
456 507 585 570 leffionis
608 509 736 584 vestigia,
768 508 878 582 prorsus
898 507 980 566 nobis
1003 509 1134 578 abolent,
1155 509 1214 584 quit

189 601 252 644 tant
277 585 414 660 OEdipus
439 587 493 646 effe
514 586 605 660 potell
624 605 658 646 ut
674 607 734 644 eam
749 579 810 644 und
830 583 1009 644 divinatione
1033 583 1213 662 assequatur?

188 659 301 722 Verium
324 663 447 740 superest
460 663 487 740 ,'
504 683 538 727 ut
558 663 594 728 de
611 660 696 726 tertii
718 665 841 724 leffione
862 663 965 733 dicam,
1000 683 1068 736 quae
1083 682 1213 740 germana

187 741 371 821 genuin'aque
398 742 462 821 est,
494 745 523 805 u
547 745 583 804 de
603 747 660 820 qud
680 743 810 804 dubitare
839 745 932 801 vete'ra
959 743 1139 816 exemplaria
1159 761 1212 802 non

182 815 290 892 linunt,
309 821 445 897 equibus
466 823 632 898 deprompta
649 821 697 881 est.
737 821 774 880 tr
796 819 874 880 certe
894 817 963 876 milri
983 819 1015 878 in
1040 818 1212 880 memoriam

184 893 263 956 lrunc
284 897 373 959 nostri
388 897 598 975 poetaeversunr
614 916 740 972 revocat,
759 895 902 964 A‘euiiti
927 891 1031 975 quii&
1053 895 1213 971 ‘linteolo
1253 935 1258 948 ·

179 974 241 1050 ide.
280 975 707 1048 Hujosenirnveraeleffionis,
732 997 866 1054 perquam
887 975 1003 1047 simplex
1027 976 1060 1035 δι
1085 977 1213 1049 expedita

181 1053 224 1114 est
241 1051 389 1129 expolitio,
407 1075 463 1126 prae
490 1073 745 1130 caeterarumque
769 1054 846 1114 salsae
874 1051 940 1112 sunt
960 1053 990 1112 ἃ
1016 1053 1212 1129 supposititia,

180 1133 367 1203 expolitione.
406 1133 451 1196 Ut
462 1136 605 1207 omittam,
628 1133 722 1193 multo
744 1133 827 1192 etiam
842 1131 949 1204 majore
965 1143 1034 1190 cum
1050 1132 1149 1207 gratii
1161 1133 1213 1193 diti

179 1211 359 1304 §nomast
372 1209 435 1284 ista,
460 1208 515 1281 aiat
532 1208 671 1314 dlapvpdr
693 1206 778 1283 indu
797 1208 887 1284 nitet,
915 1209 1051 1270 tollendo
1078 1209 1213 1272 videlicet

179 1291 519 1442 ᾞέἒεὲῗῧξῗεὲἓῗ
530 1291 708 1447 miliia
737 1387 785 1430 me
805 1367 842 1428 ad
866 1363 967 1426 latrum
982 1366 1211 1428 annotationum

178 1446 337 1506 editionem
354 1447 493 1522 praecipue
508 1445 665 1510 stimularit.
687 1449 796 1509 sienim
811 1444 981 1524 egolhorum
1006 1441 1154 1506 advenias
1165 1446 1211 1504 Eu·

177 1523 299 1597 ripidem
310 1525 528 1606 {cummim
540 1527 680 1600 conscius,
694 1547 725 1586 ea
737 1546 798 1587 non
812 1519 1011 1599 patefecissent,
1040 1541 1211 1584 nonnemo·

176 1603 234 1662 ritd
249 1601 390 1673 iudicatus
418 1605 528 1665 fuissem
548 1603 763 1688 wsmaepptir?
792 1603 870 1674 Qua
891 1615 988 1660 tamen
1011 1617 1082 1662 non
1110 1601 1153 1664 iti
1174 1598 1212 1660 di·

176 1697 283 1742 cuntur
299 1679 315 1740 i
329 1700 387 1756 me,
411 1683 485 1758 qnasi
509 1686 605 1744 omnia
625 1703 674 1746 aut
694 1685 781 1745 etiam
795 1682 946 1742 minimam
965 1697 1078 1738 comm
1104 1695 1209 1755 partem

175 1753 366 1834 patefecerim,
397 1759 487 1830 (abiit
505 1759 582 1823 enim
606 1779 641 1823 ut
674 1763 761 1823 bonas
794 1759 874 1820 horas
894 1759 926 1817 in
949 1772 1010 1816 tarn
1032 1756 1209 1833 inauspicatu

174 1836 269 1896 labore
282 1835 462 1909 consumam)
483 1837 531 1897 std
541 1853 676 1917 tanquam
702 1838 879 1914 prohibitum
897 1834 998 1894 saltent
1015 1835 1123 1907 paucis
1139 1833 1207 1895 hisee

174 1933 275 1976 eorum
296 1915 447 1988 exemplis,
467 1935 590 1991 nequent
615 1916 736 1977 inscium
751 1919 799 1976 illa
825 1913 916 1976 editio
941 1913 974 1972 in
1000 1914 1145 1972 fraudem
1159 1914 1206 1971 im·

172 1995 271 2070 pellat,
288 1995 318 2054 in
331 1991 386 2074 qua
411 1993 472 2058 a'rrl
494 1995 552 2061 τ’ὅν
572 1994 738 2068 Edumstlet
756 2011 814 2056 tam
830 1993 922 2054 multa
942 1989 1014 2051 sunt
1036 1985 1207 2065 4ώέὸῶ

174 2071 243 2134 saa
274 2071 364 2148 Quod
379 2071 398 2131 fi
413 2074 491 2148 probi
506 2075 682 2154 minimeque
706 2071 812 2152 ingrati
831 2069 964 2142 discipuli
980 2068 1025 2128 est
1041 2070 1204 2144 injuriamd

173 2168 345 2227 preceptore
359 2150 410 2210 suo
425 2150 516 2210 modis
535 2155 671 2213 omnibus
685 2149 855 2228 propulsare,
876 2145 996 2223 quidde
1011 2148 1106 2208 nobis
1116 2149 1205 2207 dicen·

171 2225 242 2286 dum
255 2227 318 2299 erit,
340 2227 445 2300 sreoe,
472 2230 521 2306 qui
543 2231 666 2308 antiquis
687 2228 879 2305 scriptoribus,
904 2245 964 2285 non
978 2223 1085 2286 solum
1099 2223 1203 2292 nostris,

171 2303 220 2364 sed
234 2305 262 2364 &
276 2323 478 2379 preceptorum
500 2305 660 2367 nostrorum
675 2305 901 2384 praeceptoribus,
924 2319 983 2363 tam
994 2303 1136 2364 crudelia
1150 2302 1203 2363 tul·

169 2401 237 2444 uera
251 2381 396 2459 infligunt,
416 2385 535 2457 impune
547 2385 774 2448 abirefinemus?
793 2382 848 2442 Sed
862 2382 898 2441 de
914 2381 956 2441 his
967 2379 1126 2443 haetenus.

207 2459 279 2521 Haec
293 2461 369 2530 sunt,
390 2463 443 2522 viri
458 2461 564 2522 chariss
583 2483 645 2542 quae
659 2465 699 2525 ibi
722 2461 843 2525 totidem
867 2457 960 2518 verbis
973 2457 999 2518 vd
1026 2479 1084 2521 rue
1104 2459 1200 2534 scripta

167 2555 273 2601 extant.
313 2541 433 2602 Atenim
445 2540 560 2616 quinam
573 2539 638 2604 huic
652 2545 729 2603 malo
750 2541 829 2602 viam
851 2535 1066 2611 patefecerunt,
1088 2539 1201 2599 nillilli·

167 2617 249 2678 terati
274 2618 389 2688 quidam
415 2616 597 2695 typographi,
615 2622 665 2696 qui
686 2639 776 2695 quum
801 2613 937 2676 vixaliud
950 2613 982 2674 in
1007 2614 1097 2678 libris
1117 2615 1199 2694 quim

167 2697 301 2774 paginam
313 2697 404 2756 albam
419 2697 432 2756 ai
448 2696 528 2772 nigri
541 2697 640 2757 norint
654 2697 821 2765 discernere,
842 2689 976 2752 omnibus
985 2693 1132 2754 otnnium
1152 2715 1198 2754 nu·

167 2775 213 2850 gis
223 2771 272 2846 (ne
286 2773 355 2854 quid
370 2775 493 2836 acerbius
502 2773 606 2851 dicam)
618 2777 777 2840 dummodo
784 2791 866 2836 nove
877 2769 940 2844 srnt,
959 2773 1040 2846 prela
1052 2772 1196 2834 suasufam·

166 2871 224 2932 que
236 2852 402 2915 industriam
416 2853 548 2916 offerunt.

208 2931 331 2992 Accedit
343 2949 438 2994 autem
449 2950 544 2992 recens
557 2932 611 2998 hoc
631 2935 698 2996 mali
720 2954 810 3014 genus
821 2932 858 2994 ad
870 2929 948 2992 aliud
963 2930 1118 3008 quoddam
1143 2935 1194 3009 jam

164 3003 377 3070 inveteratum:
397 3010 473 3090 quod
487 3028 581 3072 tamen
596 3033 686 3089 quum
698 3015 728 3073 in
745 3015 805 3074 dies
823 3007 1019 3088 ingravescere
1031 3011 1191 3080 videamus,

164 3085 233 3160 quid
249 3087 325 3145 aliud
337 3086 352 3145 d
365 3087 477 3148 duobus
489 3086 563 3148 hisce
576 3092 656 3150 malis
672 3088 748 3168 (quc
763 3089 866 3151 meriti>
879 3087 946 3147 duas
968 3090 1031 3148 luet
1044 3109 1082 3148 ae
1109 3090 1191 3165 pellea

162 3181 266 3223 vocare
278 3161 432 3239 possumus)
455 3168 660 3240 expectandum
680 3169 762 3230 nubis
774 3167 861 3246 quim
872 3179 1003 3226 veterum
1020 3165 1188 3244 scriptorum

162 3241 319 3308 miseranda
346 3242 532 3324 deformitas?
578 3247 774 3308 inveteratum
800 3263 896 3308 autem
924 3247 1041 3318 appello
1072 3249 1185 3316 malum,

167 3313 239 3381 'uod
254 3321 347 3383 statim
361 3319 421 3395 post
441 3322 541 3396 primas
554 3321 720 3397 scriptorum
741 3325 908 3385 Latinorum
923 3322 1082 3397 praesertim
1108 3341 1185 3398 typo·

182 3401 306 3477 taphicas
317 3399 467 3471 editiones,
485 3399 577 3471 idest,
597 3401 684 3476 quei
703 3403 802 3477 primis
816 3401 980 3477 prodierant
992 3401 1184 3479 typographis,

182 3477 269 3540 talsari
281 3481 312 3540 in
323 3498 369 3540 eos
378 3481 472 3555 eoepit.
487 3477 593 3556 Quum
605 3480 682 3539 enim
694 3479 825 3558 quotidie
833 3495 1038 3540 -veteraeorunr
1048 3483 1183 3554 exempla*

176 3556 200 3614 ia
214 3558 229 3618 ὲ
243 3557 364 3618 tenebris
390 3574 576 3630 emergerent,
595 3557 713 3632 quidam
727 3577 794 3618 cum
813 3555 969 3625 hieeucol‘a
990 3559 1180 3630 conferebant,

156 3631 1176 3777 llilzltualustillim,liminiuituli

158 3787 218 3874 quo
234 3793 328 3868 paucis
349 3793 410 3869 post
436 3757 536 3854 dietis
554 3809 602 3852 aut
635 3735 778 3856 meifibus
801 3732 880 3856 iringa
908 3735 1050 3870 iiodibae
1084 3763 1173 3858 editin

376 3891 381 3900 ·
1052 3889 1171 3938 veterum
