2604 4494
185 143 600 257 STEPHANI
640 175 898 270 Sucutrnr.
978 217 1061 298 w225

22 311 141 417 iuerat,
171 323 280 398 malo
297 323 464 400 invenire
482 323 617 421 potuit,
641 325 707 400 nist
735 323 835 424 qudd
851 328 917 408 suo
932 335 1066 416 Italico

25 435 182 518 sermone
204 441 428 544 persuaserit
440 445 541 520 hunc
553 447 659 521 valde
674 469 806 548 errare,
832 459 894 551 qui
911 457 1060 542 Gallum

26 587 226 662 putaverat.
280 579 292 612 ¹
307 567 401 642 Earn
420 567 520 641 enim
537 589 584 643 ex
605 565 686 648 satis
702 577 814 678 longi
830 583 870 656 in
885 586 1063 660 celebrio-

23 686 253 764 ribut'Italiae
270 687 417 762 urbibus
443 693 734 770 commoratione
752 698 871 774 Italici
887 699 1062 778 sermonis

23 809 363 900 pronuntiationem
375 804 612 902 addidicerat,
638 830 679 885 ut
691 809 800 888 facile
816 819 1062 912 proltaloha·

21 924 168 1002 beretur.
227 925 365 1002 ¹Adeo
380 924 578 1022 perfeetum
604 929 702 1006 illius
732 935 866 1035 lingua
891 941 1060 1034 peritiam

22 1047 133 1144 polita
143 1065 198 1122 ex
212 1042 452 1124 desuetudine
461 1047 614 1124 amistil'e
623 1049 661 1128 se
670 1051 805 1132 fatetur
824 1087 838 1150 ‚·
862 1061 1059 1138 maximam

21 1183 137 1244 tamen
151 1167 384 1242 Idiomatum
404 1188 544 1264 partem
559 1163 700 1268 semper
715 1179 900 1258 memoriae
915 1177 1060 1273 haesrffe,

21 1285 155 1380 quibus,
187 1285 490 1385 quandocunque
516 1309 607 1384 opus
635 1285 737 1387 effer,
762 1276 935 1370 uteretur.
986 1297 1058 1374 Ve-

22 1402 487 1496 perrieodettumSelvam
501 1409 702 1504 convenit,·
728 1431 766 1486 ut
782 1407 933 1512 scilicet,
956 1419 1058 1512 quod

23 1523 288 1620 exploraverat,
314 1523 537 1616 nunciatet3
569 1527 661 1600 {leui
691 1526 744 1602 iti
762 1530 955 1626 percharus
970 1529 1055 1632 fuit,

22 1660 56 1716 ut
71 1647 105 1717 dt
122 1643 171 1718 ad
196 1636 363 1718 mensam
377 1645 413 1716 dc
427 1642 473 1714 ad
492 1641 680 1738 pleraque,
705 1642 974 1742 aquibusalios
991 1674 1056 1730 ex.

23 1765 196 1860 eludebat,
237 1763 499 1838 admitteretur.
562 1765 588 1802 “
612 1763 682 1840 Ille
707 1765 906 1860 aliquando
936 1771 1054 1846 voluit

26 1884 50 1922 “
69 1883 279 1958 Hemicum
296 1882 422 1954 audite
436 1873 643 1956 sennonem
656 1879 843 1980 cujusdam
866 1884 964 1974 Itali,
988 1891 1054 1980 qui

22 1999 47 2038 ‘⁶
70 1997 351 2097 seapostasraead
367 2003 576 2078 Turcarum
589 1999 1063 2100 religionemrcumsenam

20 2119 45 2158 “
70 2119 188 2192 dicere
205 2121 331 2216 potitii
348 2115 516 2214 deberet)
532 2117 748 2194 accusabar:
783 2117 845 2202 sed
863 2120 908 2196 ab
926 2121 969 2199 ed
987 2145 1053 2218 per

21 2241 48 2278 ‘⁶
72 2239 329 2335 paenitentiam
364 2257 576 2314 revocatum
611 2236 647 2314 se
683 2237 813 2328 aiebat,
852 2241 1052 2318 dummodo

21 2359 48 2396 “
70 2352 239 2430 Pontifex
257 2350 295 2433 se
311 2355 357 2431 ad
381 2357 525 2430 veniam
543 2354 606 2452 ipfi
624 2357 783 2430 dandam
800 2355 894 2432 haud
920 2340 1053 2430 diflici-

18 2471 42 2512 “
64 2473 133 2546 lem
147 2473 335 2570 praeberet.
386 2475 550 2550 Promisrt
567 2473 724 2570 Legatos
751 2467 788 2543 se
822 2471 868 2544 ad
894 2463 1051 2546 Pontifi-

20 2587 47 2626 “
67 2613 143 2667 cern
159 2587 391 2688 scripturum.
440 2593 554 2686 Quod
574 2615 658 2666 cum
674 2585 830 2684 iecisset,
855 2587 1050 2666 Pontifex·
1166 2665 1168 2671 ,

20 2707 47 2754 “
68 2729 133 2802 que
143 2733 224 2783 non
235 2728 312 2784 tam
325 2707 596 2806 facilemquim
614 2711 677 2784 ille
691 2703 915 2806 cupiebat,se
928 2706 1050 2787 osten·

20 2825 45 2864 '‘
67 2822 329 2920 deret,tandem
341 2829 452 2902 Italus
462 2829 502 2901 in
520 2828 593 2900 hac
607 2829 716 2902 verba
731 2823 879 2922 erupit.-
897 2823 1049 2897 Certio-

18 2940 41 2978 “
65 2964 134 3018 rem
147 2947 262 3020 velim
279 2948 498 3022 Pontificem
515 2944 641 3040 facias,
660 2945 767 3023 stulte
778 2964 901 3040 poenae
916 2935 1053 3017 severi-⁴

21 3055 47 3094 ‘⁶
67 3076 137 3137 tate
144 3059 316 3140 adversio
329 3085 388 3137 me
405 3064 457 3138 uti
474 3061 576 3156 velit,
597 3061 716 3134 adhuc
731 3059 824 3137 milri
841 3053 950 3149 fores,
963 3059 987 3130 li
1001 3059 1049 3132 li-

22 3167 46 3210 “
66 3173 143 3252 beat
155 3179 392 3272 redire‚unde
402 3174 697 3274 disceffipatere.
744 3173 963 3270 Exemplum
973 3174 1047 3251 hoe

22 3289 50 3382 ff
70 3281 196 3372 referre
213 3292 332 3374 visum
351 3297 415 3396 est,
442 3320 480 3372 ut
499 3289 551 3370 'in
567 3317 612 3370 eo
635 3291 910 3394 perspiceretur,
934 3291 1053 3387 quint.

60 3523 275 3595 'unformia
290 3529 364 3602 Ptefi
377 3549 404 3606 p.
416 3527 469 3604 ult.
516 3535 529 3566 ²
549 3529 662 3592 Oratio.
673 3544 771 3591 comm
779 3512 889 3591 Ferret:
902 3541 929 3599 p.
938 3531 1047 3600 3⁴35·

24 3590 166 3688 Di³¹⁰ssuw
178 3609 222 3677 du
236 3609 383 3678 Nouvetu
396 3608 553 3688 commupe
562 3607 723 3673 lulirnize.
743 3623 805 3686 pag.
821 3609 872 3668 80.
941 3705 946 3714 ,

579 3781 612 3882 Β
843 3777 874 3874 {f
897 3753 1071 3877 pericuff'
